% Encoding: UTF-8
@article{Tan2017,
	Title = {Optimally Adjusted Mixture Sampling and Locally Weighted Histogram Analysis},
	Journal = {J. Graph. Stat.},
          Volume = {26},
          Pages = {54--65},
	Author = {Zhiqiang Tan},
	Year = {2017}}

@Misc{fda-approved-kinase-inhibitors,
  author = {Robert {Roskoski Jr.}},
  title  = {{USFDA} approved protein kinase inhibitors},
  year   = {2017},
  note   = {\url{http://www.brimr.org/PKI/PKIs.htm} Updated 3 May 2017},
  url    = {http://www.brimr.org/PKI/PKIs.htm},
}

@article{zhu:biomed-res-intl:2016:clinical-kinase-inhibitors,
  title={Comparison of {FDA} Approved Kinase Targets to Clinical Trial Ones: Insights from Their System Profiles and Drug-Target Interaction Networks},
  author={Jingyu Xu and Panpan Wang and Hong Yang and Jun Zhou and Yinghong Li and Xiaoxu Li and Weiwei Xue and Chunyan Xu and Yubin Tian and Feng Zhu},
  journal={BioMed Res. Intl.},
  pages={2509385},
  year={2016},
}

@article{Zehir:2017ib,
author = {Zehir, Ahmet and Benayed, Ryma and Shah, Ronak H and Syed, Aijazuddin and Middha, Sumit and Kim, Hyunjae R and Srinivasan, Preethi and Gao, Jianjiong and Chakravarty, Debyani and Devlin, Sean M and Hellmann, Matthew D and Barron, David A and Schram, Alison M and Hameed, Meera and Dogan, Snjezana and Ross, Dara S and Hechtman, Jaclyn F and DeLair, Deborah F and Yao, JinJuan and Mandelker, Diana L and Cheng, Donavan T and Chandramohan, Raghu and Mohanty, Abhinita S and Ptashkin, Ryan N and Jayakumaran, Gowtham and Prasad, Meera and Syed, Mustafa H and Rema, Anoop Balakrishnan and Liu, Zhen Y and Nafa, Khedoudja and Borsu, Laetitia and Sadowska, Justyna and Casanova, Jacklyn and Bacares, Ruben and Kiecka, Iwona J and Razumova, Anna and Son, Julie B and Stewart, Lisa and Baldi, Tessara and Mullaney, Kerry A and Al-Ahmadie, Hikmat and Vakiani, Efsevia and Abeshouse, Adam A and Penson, Alexander V and Jonsson, Philip and Camacho, Niedzica and Chang, Matthew T and Won, Helen H and Gross, Benjamin E and Kundra, Ritika and Heins, Zachary J and Chen, Hsiao-Wei and Phillips, Sarah and Zhang, Hongxin and Wang, Jiaojiao and Ochoa, Angelica and Wills, Jonathan and Eubank, Michael and Thomas, Stacy B and Gardos, Stuart M and Reales, Dalicia N and Galle, Jesse and Durany, Robert and Cambria, Roy and Abida, Wassim and Cercek, Andrea and Feldman, Darren R and Gounder, Mrinal M and Hakimi, A Ari and Harding, James J and Iyer, Gopa and Janjigian, Yelena Y and Jordan, Emmet J and Kelly, Ciara M and Lowery, Maeve A and Morris, Luc G T and Omuro, Antonio M and Raj, Nitya and Razavi, Pedram and Shoushtari, Alexander N and Shukla, Neerav and Soumerai, Tara E and Varghese, Anna M and Yaeger, Rona and Coleman, Jonathan and Bochner, Bernard and Riely, Gregory J and Saltz, Leonard B and Scher, Howard I and Sabbatini, Paul J and Robson, Mark E and Klimstra, David S and Taylor, Barry S and Baselga, Jose and Schultz, Nikolaus and Hyman, David M and Arcila, Maria E and Solit, David B and Ladanyi, Marc and Berger, Michael F},
title = {{Mutational landscape of metastatic cancer revealed from prospective clinical sequencing of 10,000 patients.}},
journal = {Nature medicine},
year = {2017},
volume = {159},
pages = {676},
month = may
}

@article{klifs,
  title={{KLIFS:} A structural kinase-ligand interaction database},
  author={Albert J. Kooistra and Georgi K. Kanev and Oscar P. J. {van Linden} and Leurs Iwan J. P. {de Esch} and Chris {de Graaf}},
  journal={Nucleic Acids Res.},
  volume={44},
  pages={D365--D371},
  year={2016},
}

@article{Abl2nd,
  doi = {10.1038/nrc2126},
  url = {http://dx.doi.org/10.1038/nrc2126},
  year  = {2007},
  month = {may},
  publisher = {Nat Rev Cancer},
  volume = {7},
  number = {5},
  pages = {345--356},
  author = {Ellen Weisberg and Paul W. Manley and Sandra W. Cowan-Jacob and Andreas Hochhaus and James D. Griffin},
  title = {Second generation inhibitors of BCR-ABL for the treatment of imatinib-resistant chronic myeloid leukaemia},
  journal = {Nature Reviews Cancer}
}
@article{pathDES,
  title = {Minimizing thermodynamic length to select intermediate states for free-energy calculations and replica-exchange simulations},
  author = {Shenfeld, Daniel K. and Xu, Huafeng and Eastwood, Michael P. and Dror, Ron O. and Shaw, David E.},
  journal = {Phys. Rev. E},
  volume = {80},
  issue = {4},
  pages = {046705},
  numpages = {4},
  year = {2009},
  month = {Oct},
  publisher = {American Physical Society},
  doi = {10.1103/PhysRevE.80.046705},
  url = {http://link.aps.org/doi/10.1103/PhysRevE.80.046705}
}
@article{pathGC,
  title={Measuring thermodynamic length},
  author={Crooks, Gavin E},
  journal={Physical Review Letters},
  volume={99},
  number={10},
  pages={100602},
  year={2007},
  publisher={APS}
}
@article{pathMRS,
  url = {http://dx.doi.org/10.1063/1.3697833},
  author = {Pham, Tri T. and Shirts, Michael R.},
  title = {Optimal pairwise and non-pairwise alchemical pathways for free energy calculations of molecular transformation in solution phase},
  journal = {The Journal of Chemical Physics},
  year = {2012},
  volume = {136},
  number = {12},
  eid = 124120,
  pages = {-},
  doi = {http://dx.doi.org/10.1063/1.3697833}
}
@article {constpH,
  author = {Mongan, John and Case, David A. and McCammon, J. Andrew},
  title = {Constant pH molecular dynamics in generalized Born implicit solvent},
  journal = {Journal of Computational Chemistry},
  volume = {25},
  number = {16},
  publisher = {John Wiley \& Sons, Inc.},
  issn = {1096-987X},
  url = {http://dx.doi.org/10.1002/jcc.20139},
  doi = {10.1002/jcc.20139},
  pages = {2038--2048},
  keywords = {constant pH molecular dynamics, generalized Born, pKa prediction, Monte Carlo, lysozyme},
  year = {2004},
}
@article{NCMC,
  title={Nonequilibrium candidate Monte Carlo is an efficient tool for equilibrium simulation},
  author={Nilmeier, Jerome P and Crooks, Gavin E and Minh, David DL and Chodera, John D},
  journal={Proceedings of the National Academy of Sciences},
  volume={108},
  number={45},
  pages={E1009--E1018},
  year={2011},
  publisher={National Acad Sciences}
}
@article{MBAR,
  title={Statistically optimal analysis of samples from multiple equilibrium states},
  author={Shirts, Michael R and Chodera, John D},
  journal={The Journal of chemical physics},
  volume={129},
  number={12},
  pages={124105},
  year={2008},
  publisher={AIP Publishing}
}
@article{tautomer,
  title={Let's not forget tautomers},
  author={Martin, Yvonne Connolly},
  journal={Journal of computer-aided molecular design},
  volume={23},
  number={10},
  pages={693--704},
  year={2009},
  publisher={Springer}
}
@article{yank,
  title={Identifying ligand binding sites and poses using GPU-accelerated Hamiltonian replica exchange molecular dynamics},
  author={Wang, Kai and Chodera, John D and Yang, Yanzhi and Shirts, Michael R},
  journal={Journal of computer-aided molecular design},
  volume={27},
  number={12},
  pages={989--1007},
  year={2013},
  publisher={Springer}
}
@article{alchemyJDC,
  title={Alchemical free energy methods for drug discovery: progress and challenges},
  author={Chodera, John D and Mobley, David L and Shirts, Michael R and Dixon, Richard W and Branson, Kim and Pande, Vijay S},
  journal={Current opinion in structural biology},
  volume={21},
  number={2},
  pages={150--160},
  year={2011},
  publisher={Elsevier}
}
@article{alchemyMRS,
  title={Alchemical free energy calculations: ready for prime time},
  author={Shirts, Michael R and Mobley, David L and Chodera, John D},
  journal={Annual Reports in Computational Chemistry},
  volume={3},
  pages={41--59},
  year={2007},
  publisher={Elsevier BV, Amsterdam}
}
@article{repex,
  title={Replica exchange and expanded ensemble simulations as Gibbs sampling: Simple improvements for enhanced mixing},
  author={Chodera, John D and Shirts, Michael R},
  journal={The Journal of chemical physics},
  volume={135},
  number={19},
  pages={194110},
  year={2011},
  publisher={AIP Publishing}
}
@article{alchemyTPS,
  title={Computational alchemy},
  author={Straatsma, TP and McCammon, JA},
  journal={Annual Review of Physical Chemistry},
  volume={43},
  number={1},
  pages={407--435},
  year={1992},
  publisher={Annual Reviews 4139 El Camino Way, PO Box 10139, Palo Alto, CA 94303-0139, USA}
}
@article{alchemyMKG,
  title={The statistical-thermodynamic basis for computation of binding affinities: a critical review.},
  author={Gilson, Michael K and Given, James A and Bush, Bruce L and McCammon, J Andrew},
  journal={Biophysical journal},
  volume={72},
  number={3},
  pages={1047},
  year={1997},
  publisher={The Biophysical Society}
}
@article{catalyticbase,
  title={The role of the catalytic base in the protein tyrosine kinase Csk},
  author={Cole, Philip A and Grace, Miranda R and Phillips, Robert S and Burn, Paul and Walsh, Christopher T},
  journal={Journal of Biological Chemistry},
  volume={270},
  number={38},
  pages={22105--22108},
  year={1995},
  publisher={ASBMB}
}
@article{aspartate,
  title={Mutation of a highly conserved aspartate residue in subdomain IX abolishes Fer protein-tyrosine kinase activity},
  author={Cole, LA and Zirngibl, R and Craig, AWB and Jia, Z and Greer, P},
  journal={Protein engineering},
  volume={12},
  number={2},
  pages={155--162},
  year={1999},
  publisher={Oxford Univ Press}
}
@article{thompson1,
  title={On the likelihood that one unknown probability exceeds another in view of the evidence of two samples},
  author={Thompson, William R},
  journal={Biometrika},
  pages={285--294},
  year={1933},
  publisher={JSTOR}
}
@inproceedings{thompson2,
  title={An empirical evaluation of Thompson sampling},
  author={Chapelle, Olivier and Li, Lihong},
  booktitle={Advances in neural information processing systems},
  pages={2249--2257},
  year={2011}
}
@article{ACSstats,
  title={Cancer statistics, 2014},
  author={Siegel, Rebecca and Ma, Jiemin and Zou, Zhaohui and Jemal, Ahmedin},
  journal={CA: a cancer journal for clinicians},
  volume={64},
  number={1},
  pages={9--29},
  year={2014},
  publisher={Wiley Online Library}
}
@article{tkilist,
  title={Exploration of type II binding mode: A privileged approach for kinase inhibitor focused drug discovery?},
  author={Zhao, Zheng and Wu, Hong and Wang, Li and Liu, Yi and Knapp, Stefan and Liu, Qingsong and Gray, Nathanael S},
  journal={ACS chemical biology},
  volume={9},
  number={6},
  pages={1230--1241},
  year={2014},
  publisher={ACS Publications}
}
@article{EGFR1,
  title={Acquired resistance of lung adenocarcinomas to gefitinib or erlotinib is associated with a second mutation in the EGFR kinase domain},
  author={Pao, William and Miller, Vincent A and Politi, Katerina A and Riely, Gregory J and Somwar, Romel and Zakowski, Maureen F and Kris, Mark G and Varmus, Harold},
  journal={PLoS medicine},
  volume={2},
  number={3},
  pages={e73},
  year={2005},
  publisher={Public Library of Science}
}
@article{EGFR2,
  title={Activating and resistance mutations of EGFR in non-small-cell lung cancer: role in clinical response to EGFR tyrosine kinase inhibitors},
  author={Gazdar, AFea},
  journal={Oncogene},
  volume={28},
  pages={S24--S31},
  year={2009},
  publisher={Nature Publishing Group}
}
@article{HER1,
  title={BIBW2992, an irreversible EGFR/HER2 inhibitor highly effective in preclinical lung cancer models},
  author={D Li and L Ambrogio and T Shimamura and S Kubo and M Takahashi and LR Chirieac and RF Padera and GI Shapiro and A Baum and F Himmelsbach and others},
  journal={Oncogene},
  volume={27},
  number={34},
  pages={4702--4711},
  year={2008},
  publisher={Nature Publishing Group}
}
@article{HER2,
  title={HER2 amplification: a potential mechanism of acquired resistance to EGFR inhibition in EGFR-mutant lung cancers that lack the second-site EGFRT790M mutation},
  author={Takezawa, Ken and Pirazzoli, Valentina and Arcila, Maria E and Nebhan, Caroline A and Song, Xiaoling and de Stanchina, Elisa and Ohashi, Kadoaki and Janjigian, Yelena Y and Spitzler, Paula J and Melnick, Mary Ann and others},
  journal={Cancer discovery},
  volume={2},
  number={10},
  pages={922--933},
  year={2012},
  publisher={AACR}
}
@article{90percent,
  title={Multiple BCR-ABL kinase domain mutations confer polyclonal resistance to the tyrosine kinase inhibitor imatinib (STI571) in chronic phase and blast crisis chronic myeloid leukemia},
  author={Shah, Neil P and Nicoll, John M and Nagar, Bhushan and Gorre, Mercedes E and Paquette, Ronald L and Kuriyan, John and Sawyers, Charles L},
  journal={Cancer cell},
  volume={2},
  number={2},
  pages={117--125},
  year={2002},
  publisher={Elsevier}
}
@article{ABLmutantsource,
  title={Three novel patient-derived BCR/ABL mutants show different sensitivity to second and third generation tyrosine kinase inhibitors},
  author={Redaelli, Sara and Mologni, Luca and Rostagno, Roberta and Piazza, Rocco and Magistroni, Vera and Ceccon, Monica and Viltadi, Michela and Flynn, Daniel and Gambacorti-Passerini, Carlo},
  journal={American journal of hematology},
  volume={87},
  number={11},
  pages={E125--E128},
  year={2012},
  publisher={Wiley Online Library}
}
@article{90death,
  title={Molecular mechanisms of drug resistance},
  author={Longley, DB and Johnston, PG},
  journal={The Journal of pathology},
  volume={205},
  number={2},
  pages={275--292},
  year={2005},
  publisher={Wiley Online Library}
}
@article{AurExp4,
  title={Estrogen mediates Aurora-A overexpression, centrosome amplification, chromosomal instability, and breast cancer in female ACI rats},
  author={Li, Jonathan J and Weroha, S John and Lingle, Wilma L and Papa, Dan and Salisbury, Jeffrey L and Li, Sara Antonia},
  journal={Proceedings of the National Academy of Sciences},
  volume={101},
  number={52},
  pages={18123--18128},
  year={2004},
  publisher={National Acad Sciences}
}
@article{AurExp2,
  title={Centrosomal kinase AIK1 is overexpressed in invasive ductal carcinoma of the breast},
  author={Tanaka, Takuji and Kimura, Masashi and Matsunaga, Kengo and Fukada, Daizo and Mori, Hideki and Okano, Yukio},
  journal={Cancer research},
  volume={59},
  number={9},
  pages={2041--2044},
  year={1999},
  publisher={AACR}
}
@article{AurExp3,
  title={Association of centrosomal kinase STK15/BTAK mRNA expression with chromosomal instability in human breast cancers},
  author={Miyoshi, Yasuo and Iwao, Kyoko and Egawa, Chiyomi and Noguchi, Shinzaburo},
  journal={International journal of cancer},
  volume={92},
  number={3},
  pages={370--373},
  year={2001},
  publisher={Wiley Online Library}
}
@article{AurExp1,
  title={Tumour amplified kinase STK15/BTAK induces centrosome amplification, aneuploidy and transformation},
  author={Zhou, Hongyi and Kuang, Jian and Zhong, Ling and Kuo, Wen-lin and Gray, Joe and Sahin, Aysegul and Brinkley, Bill and Sen, Subrata},
  journal={Nature genetics},
  volume={20},
  number={2},
  pages={189--193},
  year={1998},
  publisher={Nature Publishing Group}
}
@article{imat1,
  title={Part I: mechanisms of resistance to imatinib in chronic myeloid leukaemia},
  author={Apperley, Jane F},
  journal={The lancet oncology},
  volume={8},
  number={11},
  pages={1018--1029},
  year={2007},
  publisher={Elsevier}
}
@article{imat2,
  title={Part II: management of resistance to imatinib in chronic myeloid leukaemia},
  author={Apperley, Jane F},
  journal={The lancet oncology},
  volume={8},
  number={12},
  pages={1116--1128},
  year={2007},
  publisher={Elsevier}
}
@article{ceritinib,
  title={Ceritinib in ALK-rearranged non--small-cell lung cancer},
  author={Shaw, Alice T and Kim, Dong-Wan and Mehra, Ranee and Tan, Daniel SW and Felip, Enriqueta and Chow, Laura QM and Camidge, D Ross and Vansteenkiste, Johan and Sharma, Sunil and De Pas, Tommaso and others},
  journal={New England Journal of Medicine},
  volume={370},
  number={13},
  pages={1189--1197},
  year={2014},
  publisher={Mass Medical Soc}
}
@article{AurExp5,
  title={Cell-cycle-dependent regulation of human aurora A transcription is mediated by periodic repression of E4TF1},
  author={Tanaka, Masatsugu and Ueda, Atsuhisa and Kanamori, Heiwa and Ideguchi, Haruko and Yang, Jun and Kitajima, Shigetaka and Ishigatsubo, Yoshiaki},
  journal={Journal of Biological Chemistry},
  volume={277},
  number={12},
  pages={10719--10726},
  year={2002},
  publisher={ASBMB}
}
@article{Sertib3,
  title={SAR156497, an Exquisitely Selective Inhibitor of Aurora Kinases},
  author={Carry, Jean-Christophe and Clerc, Fran{\c{c}}ois and Minoux, Herv{\'e} and Schio, Laurent and Mauger, Jacques and Nair, Anil and Parmantier, Eric and Le Moigne, Ronan and Delorme, C{\'e}cile and Nicolas, Jean-Paul and others},
  journal={Journal of medicinal chemistry},
  year={2015},
  publisher={ACS Publications}
}
@article{Sertib2,
  title={Drug-resistant aurora A mutants for cellular target validation of the small molecule kinase inhibitors MLN8054 and MLN8237},
  author={Sloane, Dominic A and Trikic, Michael Z and Chu, Matthew LH and Lamers, Maria BAC and Mason, Clive S and Mueller, Ilka and Savory, Wendy J and Williams, David H and Eyers, Patrick A},
  journal={ACS chemical biology},
  volume={5},
  number={6},
  pages={563--576},
  year={2010},
  publisher={ACS Publications}
}
@article{Sertib1,
  title={Aurora kinase inhibitors: progress towards the clinic},
  author={Kollareddy, Madhu and Zheleva, Daniella and Dzubak, Petr and Brahmkshatriya, Pathik Subhashchandra and Lepsik, Martin and Hajduch, Marian},
  journal={Investigational new drugs},
  volume={30},
  number={6},
  pages={2411--2432},
  year={2012},
  publisher={Springer}
}
@article{envelope,
  title={Evaluating the substrate-envelope hypothesis: structural analysis of novel HIV-1 protease inhibitors designed to be robust against drug resistance},
  author={Nalam, Madhavi NL and Ali, Akbar and Altman, Michael D and Reddy, GS Kiran Kumar and Chellappan, Sripriya and Kairys, Visvaldas and {\"O}zen, Ay{\c{s}}eg{\"u}l and Cao, Hong and Gilson, Michael K and Tidor, Bruce and others},
  journal={Journal of virology},
  volume={84},
  number={10},
  pages={5368--5378},
  year={2010},
  publisher={Am Soc Microbiol}
}
@article{TCRpdb,
  title={Structure of the complex between human T-cell receptor, viral peptide and HLA-A2},
  author={Garboczi, David N and Ghosh, Partho and Utz, Ursula and Fan, Qing R and Biddison, William E and Wiley, Don C},
  journal={Nature},
  volume={384},
  number={6605},
  pages={134--141},
  year={1996}
}
@book{textbook,
  title={Textbook of receptor pharmacology},
  author={Foreman, John C and Johansen, Torben and Gibb, Alasdair J},
  year={2011},
  publisher={CRC press}
}
@article{landscape,
  title={Trapping moving targets with small molecules},
  author={Lee, Gregory M and Craik, Charles S},
  journal={Science},
  volume={324},
  number={5924},
  pages={213--215},
  year={2009},
  publisher={American Association for the Advancement of Science}
}
@article{T790M-Katp,
  title={The T790M mutation in EGFR kinase causes drug resistance by increasing the affinity for ATP},
  author={Yun, Cai-Hong and Mengwasser, Kristen E and Toms, Angela V and Woo, Michele S and Greulich, Heidi and Wong, Kwok-Kin and Meyerson, Matthew and Eck, Michael J},
  journal={Proceedings of the National Academy of Sciences},
  volume={105},
  number={6},
  pages={2070--2075},
  year={2008},
  publisher={National Acad Sciences}
}
@article{DGFmotif-review,
  title={Ins and outs of kinase DFG motifs},
  author={Treiber, Daniel K and Shah, Neil P},
  journal={Chemistry \& biology},
  volume={20},
  number={6},
  pages={745--746},
  year={2013},
  publisher={Elsevier}
}
@article{T315I-spine,
  title={Activation of tyrosine kinases by mutation of the gatekeeper threonine},
  author={Azam, Mohammad and Seeliger, Markus A and Gray, Nathanael S and Kuriyan, John and Daley, George Q},
  journal={Nature structural \& molecular biology},
  volume={15},
  number={10},
  pages={1109--1118},
  year={2008},
  publisher={Nature Publishing Group}
}
@article{EGFR-pathways,
  title={Acquired resistance to epidermal growth factor receptor tyrosine kinase inhibitors in non--small-cell lung cancers dependent on the epidermal growth factor receptor pathway},
  author={Nguyen, Kim-Son H and Kobayashi, Susumu and Costa, Daniel B},
  journal={Clinical lung cancer},
  volume={10},
  number={4},
  pages={281--289},
  year={2009},
  publisher={Elsevier}
}
@article{selectivity-maps,
  title={A quantitative analysis of kinase inhibitor selectivity},
  author={Karaman, Mazen W and Herrgard, Sanna and Treiber, Daniel K and Gallant, Paul and Atteridge, Corey E and Campbell, Brian T and Chan, Katrina W and Ciceri, Pietro and Davis, Mindy I and Edeen, Philip T and others},
  journal={Nature biotechnology},
  volume={26},
  number={1},
  pages={127--132},
  year={2008},
  publisher={Nature Publishing Group}
}
@article{t315i-hbond,
  title={Structural mechanism for STI-571 inhibition of abelson tyrosine kinase},
  author={Schindler, Thomas and Bornmann, William and Pellicena, Patricia and Miller, W Todd and Clarkson, Bayard and Kuriyan, John},
  journal={Science},
  volume={289},
  number={5486},
  pages={1938--1942},
  year={2000},
  publisher={American Association for the Advancement of Science}
}
@article{t315i-stericBS,
  title={Clinical resistance to STI-571 cancer therapy caused by BCR-ABL gene mutation or amplification},
  author={Gorre, Mercedes E and Mohammed, Mansoor and Ellwood, Katharine and Hsu, Nicholas and Paquette, Ron and Rao, P Nagesh and Sawyers, Charles L},
  journal={Science},
  volume={293},
  number={5531},
  pages={876--880},
  year={2001},
  publisher={American Association for the Advancement of Science}
}
@article{kuntz1999maximal,
  title={The maximal affinity of ligands},
  author={Kuntz, ID and Chen, K and Sharp, KA and Kollman, PA},
  journal={Proceedings of the National Academy of Sciences},
  volume={96},
  number={18},
  pages={9997--10002},
  year={1999},
  publisher={National Acad Sciences}
}
@article{smith2008beyond,
  title={Beyond picomolar affinities: quantitative aspects of noncovalent and covalent binding of drugs to proteins},
  author={Smith, Adam JT and Zhang, Xiyun and Leach, Andrew G and Houk, KN},
  journal={Journal of medicinal chemistry},
  volume={52},
  number={2},
  pages={225--233},
  year={2008},
  publisher={ACS Publications}
}
@article{drug-trials-flowchart,
  title={How to improve R\&D productivity: the pharmaceutical industry's grand challenge},
  author={Paul, Steven M and Mytelka, Daniel S and Dunwiddie, Christopher T and Persinger, Charles C and Munos, Bernard H and Lindborg, Stacy R and Schacht, Aaron L},
  journal={Nature reviews Drug discovery},
  volume={9},
  number={3},
  pages={203--214},
  year={2010},
  publisher={Nature Publishing Group}
}
@article{vitality,
  title={Kinetic characterization and cross-resistance patterns of HIV-1 protease mutants selected under drug pressure},
  author={Gulnik, Sergei V and Suvorov, Leonid I and Liu, Beishan and Yu, Betty and Anderson, Barry and Mitsuya, Hiroaki and Erickson, John W},
  journal={Biochemistry},
  volume={34},
  number={29},
  pages={9282--9287},
  year={1995},
  publisher={ACS Publications}
}
@article{EGFR-mutants,
  title={Functional analysis of epidermal growth factor receptor (EGFR) mutations and potential implications for EGFR targeted therapy},
  author={Kancha, Rama Krishna and von Bubnoff, Nikolas and Peschel, Christian and Duyster, Justus},
  journal={Clinical cancer research},
  volume={15},
  number={2},
  pages={460--467},
  year={2009},
  publisher={AACR}
}

@article{mondal:jacs:2016:imatinib-gatekeeper,
  title = {How a Kinase Inhibitor Withstands Gatekeeper Residue Mutations},
  author = {Jagannath Mondal and Pratyush Tiwary and B. J. Berne},
  journal = {J. Am. Chem. Soc.},
  volume = {519},
  pages = {102},
  year = {2016},
}

@article{pemovska:nature:2015,
  title = {Axitinib effectively inhibits {BCR-ABL1(T315I)} with a distinct binding conformation},
  journal = {Nature}},
  author = {Tea Pemovska and Eric Johnson and Mika Kontro and Gretchen A. Repasky and Jeffrey Chen and Peter Wells and {Ciar\'{a}n} N. Cronin and Michele McTigue and Olli Kallioniemi and Kimmo Porkka and Brion W. Murray and Krister Wennerberg},
  volume = {519},
  pages = {102}
  year = {2015},
}

@conference{gozgit:ariad:2013,
  title = {Comprehensive analysis of the in vitro potency of ponatinib, and all other approved {BCR-ABL} tyrosine kinase inhibitors ({TKI}s), against a panel of single and compounds {BCR-ABL} mutants},
  author = {Joseph M. Gozgit and Alexa B. Schrock and Tzu-Hsiu Chen and Xiaotian Zhu and David Dalgarndo and Tim Clackson and Victor M. Rivera}},  
  year = {2013},
}

@CONFERENCE{ferreira:2012,
  author = {David Ferreira and John Marshall and Paul O'Gorman and Sara Seager
	and Harriet Lau},
  title = {Climate of an Earth-like Aquaplanet: the high-obliquity case and
	the tidally-locked case},
  booktitle = {Exoclimes 2012},
  year = {2012},
  address = {Aspen, Colorado},
  month = {Jan.~16-20},
  url = {http://www.astro.ex.ac.uk/exoclimes/2012/pdf/talks/Day02_Ferreira.pdf}
}

@article{Kamerlin:2010:FaradayDiscuss,
  title = {The {EVB} as a quantitative tool for formulating simulations and analyzing biological and chemical reactions},
  volume = {145},
  issn = {1359-6640, 1364-5498},
  url = {http://xlink.rsc.org/?DOI=B907354J},
  doi = {10.1039/B907354J},
  language = {en},
  timestamp = {2015-10-16T15:37:23Z},
  urldate = {2015-10-16},
  journal = {Faraday {Discuss}},
  author = {Kamerlin, {Shina} {C}. {L}. and {Warshel}, {Arieh}},
  year = {2010},
  pages = {71--106}
}

@article{Knight:2011:J.Chem.TheoryComput.,
  title = {Multisite \ensuremath{\lambda} {Dynamics} for {Simulated} {Structure}{\textendash}{Activity} {Relationship} {Studies}},
  volume = {7},
  issn = {1549-9618, 1549-9626},
  url = {http://pubs.acs.org/doi/abs/10.1021/ct200444f},
  doi = {10.1021/ct200444f},
  language = {en},
  timestamp = {2015-10-16T06:05:40Z},
  number = {9},
  urldate = {2015-10-16},
  journal = {{J}. {Chem}. {Theory} {Comput}.},
  author = {Knight, {Jennifer} {L}. and {Brooks}, {Charles} {L}.},
  month = sep,
  year = {2011},
  pages = {2728--2739}
}

@article{Yin:2015:J.Phys.Chem.B,
  title = {Toward {Improved} {Force}-{Field} {Accuracy} through {Sensitivity} {Analysis} of {Host}-{Guest} {Binding} {Thermodynamics}},
  issn = {1520-6106, 1520-5207},
  url = {http://pubs.acs.org/doi/abs/10.1021/acs.jpcb.5b04262},
  doi = {10.1021/acs.jpcb.5b04262},
  language = {en},
  timestamp = {2015-07-23T15:31:42Z},
  urldate = {2015-07-23},
  journal = {{J}. {Phys}. {Chem}. {B}},
  volume = {119},
  author = {Yin, {Jian} and {Fenley}, {Andrew} {T} and {Henriksen}, {Niel} {M}. and {Gilson}, {Michael} {K}.},
  month = jul,
  year = {2015},
  pages = {150716132256000},
  file = {acs%2Ejpcb%2E5b04262.pdf:/Users/choderaj/Library/Application Support/Zotero/Profiles/aftlx0bh.default/zotero/storage/AXAPAVSW/acs%2Ejpcb%2E5b04262.pdf:application/pdf}
}

@article{Beauchamp:2015:J.Phys.Chem.B,
  title = {Toward {Automated} {Benchmarking} of {Atomistic} {Force} {Fields}: {Neat} {Liquid} {Densities} and {Static} {Dielectric} {Constants} from the {ThermoML} {Data} {Archive}},
  volume = {119},
  issn = {1520-6106, 1520-5207},
  shorttitle = {Toward {Automated} {Benchmarking} of {Atomistic} {Force} {Fields}},
  url = {http://pubs.acs.org/doi/10.1021/acs.jpcb.5b06703},
  doi = {10.1021/acs.jpcb.5b06703},
  language = {en},
  timestamp = {2015-10-16T05:40:37Z},
  number = {40},
  urldate = {2015-10-16},
  journal = {{J}. {Phys}. {Chem}. {B}},
  author = {Beauchamp, {Kyle} {A}. and {Behr}, {Julie} {M}. and {Rustenburg}, {Ari}{\"e}n {S}. and {Bayly}, {Christopher} {I}. and {Kroenlein}, {Kenneth} and {Chodera}, {John} {D}.},
  month = oct,
  year = {2015},
  pages = {12912--12920}
}

@article{Chen:2015:J.Chem.TheoryComput.a,
  title = {Constant-{pH} {Hybrid} {Nonequilibrium} {Molecular} {Dynamics}{\textendash}{Monte} {Carlo} {Simulation} {Method}},
  volume = {11},
  issn = {1549-9618, 1549-9626},
  url = {http://pubs.acs.org/doi/abs/10.1021/acs.jctc.5b00261},
  doi = {10.1021/acs.jctc.5b00261},
  language = {en},
  timestamp = {2015-09-30T18:58:41Z},
  number = {8},
  urldate = {2015-09-30},
  journal = {{J}. {Chem}. {Theory} {Comput}.},
  author = {Chen, {Yunjie} and {Roux}, {Beno}{\^\i}t},
  month = aug,
  year = {2015},
  pages = {3919--3931}
}


@article{Wang:2015:J.Am.Chem.Soc.,
  title = {Accurate and {Reliable} {Prediction} of {Relative} {Ligand} {Binding} {Potency} in {Prospective} {Drug} {Discovery} by {Way} of a {Modern} {Free}-{Energy} {Calculation} {Protocol} and {Force} {Field}},
  volume = {137},
  issn = {0002-7863, 1520-5126},
  url = {http://pubs.acs.org/doi/abs/10.1021/ja512751q},
  doi = {10.1021/ja512751q},
  language = {en},
  timestamp = {2015-10-16T05:25:22Z},
  number = {7},
  urldate = {2015-10-16},
  journal = {{J}. {Am}. {Chem}. {Soc}.},
  author = {Wang, {Lingle} and {Wu}, {Yujie} and {Deng}, {Yuqing} and {Kim}, {Byungchan} and {Pierce}, {Levi} and {Krilov}, {Goran} and {Lupyan}, {Dmitry} and {Robinson}, {Shaughnessy} and {Dahlgren}, {Markus} {K}. and {Greenwood}, {Jeremy} and {Romero}, {Donna} {L}. and {Masse}, {Craig} and {Knight}, {Jennifer} {L}. and {Steinbrecher}, {Thomas} and {Beuming}, {Thijs} and {Damm}, {Wolfgang} and {Harder}, {Ed} and {Sherman}, {Woody} and {Brewer}, {Mark} and {Wester}, {Ron} and {Murcko}, {Mark} and {Frye}, {Leah} and {Farid}, {Ramy} and {Lin}, {Teng} and {Mobley}, {David} {L}. and {Jorgensen}, {William} {L}. and {Berne}, {Bruce} {J}. and {Friesner}, {Richard} {A}. and {Abel}, {Robert}},
  month = feb,
  year = {2015},
  pages = {2695--2703}
}


@article{abel:jacs:2015:fep-plus,
	Author = {Lingle Wang and Yujie Wu and Yuqing Deng and Byungchan Kim and Levi Pierce and Goran Krilov and Dmitry Lupyan and Shaughnessy Robinson and Markus K. Dahlgren and Jeremy Greenwood and Donna L. Romero and Craig Masse and Jennifer L. Knight and Thomas Steinbrecher and Thijs Beuming and Wolfgang Damm and Ed Harder and Woody Sherman and Mark Brewer and Ron Wester and Mark Murcko and Leah Frye and Ramy Farid and Teng Lin and David L. Mobley and William L. Jorgensen and Bruce J. Berne and Richard A. Friesner and Rober Abel},
	Title = {Accurate and reliable prediction of relative ligand binding potency in prospective drug discovery by way of a modern free-energy calculation protocol and force field},
	Journal = {J. Am. Chem. Soc.},
	Volume = {137},
	Pages = {2695--2703},
	Year = {2015}}
	
@article{elms:biophys-j:2012:constant-force-feedback,
	doi = {10.1016/j.bpj.2012.06.051},
	Author = {Phillip J. Elms and John D. Chodera and Carlos J. Bustamante and Susan Marqusee},
	Title = {The limitations of constant-force-feedback experiments},
	Journal = {Biophys. J.},
	Volume = {103},
	Pages = {1490},
	Year = {2012}}

@article{elms:pnas:2012:molten-globule,
	doi = {10.1073/pnas.1115519109},
	Author = {Phillip J. Elms and John D. Chodera and Carlos J. Bustamante and Susan Marqusee},
	Title = {The molten globule state is unusually deformable under mechanical force},
	Journal = {Proc. Natl. Acad. Sci. USA},
	Volume = {109},
	Pages = {3796},
	Year = {2012}}

@article{wang:jcamd:2013:yank,
	doi = {10.1007/s10822-013-9689-8},
	Author = {Kai Wang and John D. Chodera and Y. Yang and Michael R. Shirts},
	Title = {Identifying ligand binding sites and poses using GPU-accelerated Hamiltonian replica exchange molecular dynamics},
	Journal = {J. Comput. Aid. Mol. Des.},
	Volume = {27},
	Pages = {989--1007},
	Year = {2013}}

@article{seeliger:cancer-res:2009:imatinib-selectivity,
	doi = {10.1158/0008-5472.CAN-08-3953},
	Author = {Markus A. Seeliger and Pratistha Ranjitkar and Corynn Kasap and Yibing Shan and David E. Shaw and Neil P. Shah and John Kuriyan and Dustin J. Maly},
	Title = {Equally potent inhibition of {c-Src} and {Abl} by compounds that recognize inactive kinase conformations},
	Journal = {Cancer Res.},
	Volume = {69},
	Pages = {2384},
	Year = {2009}}
	
@article{raetsch:jcics:2003:active-learning-drug-discovery,
	doi = {10.1021/ci025620t},
	Author = {M. K. Warmuth and J. Liao and G. R\"{a}tech and M. Mathieson and S. Putta and C. Lemmen},
	Title = {Active learning with support vector machines in the drug discovery process},
	Journal = {J. Chem. Inf. Comput. Sci.},
	Volume = {43},
	Pages = {667--673},
	Year = {2003}}
	
@article{garraway:nature:2013:ccle-drug-response,
	doi = {10.1038/nature11003},
	Author = {Jordi Barretina et al.},
	Title = {The {Cancer Cell Line Encyclopedia} enables predictive modeling of anticancer drug sensitivity},
	Journal = {Nature},
	Volume = {483},
	Pages = {603--607},
	Year = {2013}}

@article{roux:pnas:2013:imatinib,
	doi = {10.1073/pnas.1214330110},
	Author = {Yen-Lin Lin and Yilin Meng and Wei Jiang and Beno\^{i}t Roux},
	Title = {Explaining why {Gleevec} is a potent inhibitor of {Abl} kinase},
	Journal = {Proc. Natl. Acad. Sci. USA},
	Volume = {110},
	Pages = {1664--1669},
	Year = {2013}}
	
@article{fabbro:meth-mol-biol:small-molecule-kinase-inhibitors,
	doi = {10.1007/978-1-61779-337-0_1},
	Author = {Doriano Fabbro and Sandra W. Cowan-Jacob and Henrik M\"{o}blitz and Georg Martiny-Baron},
	Title = {Targeting cancer with small-molecular-weight kinase inhibitors},
	Journal = {Methods in Molecular Biology: Kinase Inhibitors},
	Volume = {795},
	Pages = {1--34},
	Year = {2012}}

@article{soverini:blood:2011:abl-resistance-mutations,
	Author = {Simona Soverini and {et al.}},
	Title = {{BCR-ABL} kinase domain mutation analysis in chronic myeloid leukemia patients treated with tyrosine kinase inhibitors: recommendations from an expert panel on behalf of {European LeukemiaNet}},
	Journal = {Blood},
	Volume = {118},
	Pages = {1208--1215},
	Year = {2011}}
	
@article{baker:meth-enzym:2011:rosetta3,
    abstract = {{
                We have recently completed a full re-architecturing of the ROSETTA molecular modeling program, generalizing and expanding its existing functionality. The new architecture enables the rapid prototyping of novel protocols by providing easy-to-use interfaces to powerful tools for molecular modeling. The source code of this rearchitecturing has been released as ROSETTA3 and is freely available for academic use. At the time of its release, it contained 470,000 lines of code. Counting currently unpublished protocols at the time of this writing, the source includes 1,285,000 lines. Its rapid growth is a testament to its ease of use. This chapter describes the requirements for our new architecture, justifies the design decisions, sketches out central classes, and highlights a few of the common tasks that the new software can perform.
                {\copyright} 2011 Elsevier Inc. All rights reserved.
            }},
    author = {Leaver-Fay, Andrew and Tyka, Michael and Lewis, Steven M. and Lange, Oliver F. and Thompson, James and Jacak, Ron and Kaufman, Kristian and Renfrew, P. Douglas and Smith, Colin A. and Sheffler, Will and Davis, Ian W. and Cooper, Seth and Treuille, Adrien and Mandell, Daniel J. and Richter, Florian and Ban, Yih-En Andrew E. and Fleishman, Sarel J. and Corn, Jacob E. and Kim, David E. and Lyskov, Sergey and Berrondo, Monica and Mentzer, Stuart and Popovi\'{c}, Zoran and Havranek, James J. and Karanicolas, John and Das, Rhiju and Meiler, Jens and Kortemme, Tanja and Gray, Jeffrey J. and Kuhlman, Brian and Baker, David and Bradley, Philip},
    citeulike-article-id = {8495777},
    citeulike-linkout-0 = {http://dx.doi.org/10.1016/b978-0-12-381270-4.00019-6},
    citeulike-linkout-1 = {http://view.ncbi.nlm.nih.gov/pubmed/21187238},
    citeulike-linkout-2 = {http://www.hubmed.org/display.cgi?uids=21187238},
    doi = {10.1016/b978-0-12-381270-4.00019-6},
    issn = {1557-7988},
    journal = {Methods in enzymology},
    pages = {545--574},
    pmid = {21187238},
    posted-at = {2011-09-08 20:06:17},
    priority = {2},
    title = {{ROSETTA3: an object-oriented software suite for the simulation and design of macromolecules.}},
    url = {http://dx.doi.org/10.1016/b978-0-12-381270-4.00019-6},
    volume = {487},
    year = {2011}
}

@misc{ensembler,
	note = {bioRxiv preprint: \url{http://dx.doi.org/10.1101/018036}; code: \url{https://github.com/choderalab/ensembler}}}

@Misc{kinome-expression,
  author = {Parton, Daniel L. and Hanson, Sonya M. and Rodr{\'\i}guez-Laureano, Lucelenie and Albanese, Steven K. and Gradia, Scott and Jeans, Chris and Seeliger, Markus A. and Levinson, Nicholas M. and Chodera, John D.},
  title  = {An open library of human kinase domain constructs for automated bacterial expression},
  note   = {bioRxiv preprint: \url{https://doi.org/10.1101/038711}},
}

@misc{msmseeder,
	note = {\url{https://github.com/choderalab/ensembler}}}

@misc{targetexplorer,
	note = {\url{https://github.com/choderalab/targetexplorer}}}

@article{shukla-meng-roux-pande:nature-comm:2014:src-kinase,
	Author = {Diwakar Shukla and Yilin Meng and Beno\^{i}t Roux and Vijay S. Pande},
	Title = {Activation pathway of {Src} kinase reveals intermediate states as targets for drug design},
	Journal = {Nature Comm.},
	Volume = {5},
	Pages = {3397},
	Year = {2014}}
	
@article{kramer:j-med-chem:2012:uncertainty-of-public-ki-data,
	doi = {10.1021/jm300131x},
	Author = {Christian Kramer and Tuomo Kalliokoski and Peter Gedeck and Anna Vulpetti},
	Title = {The experimental uncertainty of heterogeneous public $K_i$ data},
	Journal = {J. Med. Chem,},
	Volume = {55},
	Pages = {5165--5173},
	Year = {2012}}
	
@article{pande:jacs:2011:fip35,
	doi = {10.1021/ja207470h},
	Author = {Thomas J. Lane and Gregory R. Bowman and Kyle Beauchamp and Vincent A. Voelz and Vijay S. Pande},
	Title = {Markov state model reveals folding and functional dynamics in ultra-long {MD} trajectories},
	Journal = {J. Am. Chem. Soc.},
	Volume = {133},
	Pages = {18413--18419},
	Year = {2011}}
	
@article{rauh:jacs:2009:flik,
	doi = {10.1021/ja902010p},
	Author = {Jeffrey R. Simard and Matth\"{a}us Getlik and Christian Gr\"{u}tter and Vijaykumar Pawar and Sabine Wulfert and Matthias Rabiller and Daniel Rauh},
	Title = {Development of a Fluorescent-Tagged Kinase Assay System for the Detection and Characterization of Allosteric Kinase Inhibitors},
	Journal = {J. Am. Chem. Soc.},
	Volume = {131},
	Pages = {13286--13296},
	Year = {2009}}
	
@article{rauh:jacs:2010:flik,
	doi = {10.1021/ja908083e},
	Author = {Jeffrey R. Simard and Matth\"{a}us Getlik and Christian Gr\"{u}tter and Ralf Schneider and Sabine Wulfert and Daniel Rauh},
	Title = {Fluorophore Labeling of the Glycine-Rich Loop as a Method of Identifying Inhibitors That Bind to Active and Inactive Kinase Conformations},
	Journal = {J. Am. Chem. Soc.},
	Volume = {132},
	Pages = {4152--4160},
	Year = {2010}}
	
@article{rauh:jacs:2012:flik,
	doi = {10.1021/ja303858w},
	Author = {Ralf Schneider and Christian Becker and Jeffrey R. Simard and Matth\"{a}us Getlik and Nina Bohlke and Petra Janning and Daniel Rauh},
	Title = {Direct binding assay for the detection of {Type IV} allosteric inhibitors of {Abl}},
	Journal = {J. Am. Chem. Soc.},
	Volume = {134},
	Pages = {9138--9141},
	Year = {2012}}

@article{prendergast:j-biol-chem:1983:acrylodan-labeling,
	Author = {F. G. Prendergast and M. Meyer and G. L. Carlson and S. Ilda and J. D. Potter},
	Title = {Synthesis, spectral properties, and use of 6-acryloyl-2-dimethylaminonaphthalene (Acrylodan). A thiol-selective, polarity-sensitive fluorescent probe},
	Journal = {J. Biol. Chem.},
	Volume = {258},
	Pages = {7541},
	Year = {1983}}
	
@article{stegmeier:clpt:2010:imatinib-lessons,
	doi = {10.1038/clpt.2009.297},
	Author = {F. Stegmeier and M. Warmuth and W. R. Sellers and M. Dorsch},
	Title = {Targeted cancer therapies in the twenty-first century: Lessons from imatinib},
	Journal = {Clin. Pharm. \& Therap.},
	Volume = {87},
	Pages = {543--552},
	Year = {2010}}
	
@article{lee-ping:jpc-b:2013:iamoeba,
	doi = {10.1021/jp403802c},
	Author = {Lee-Ping Wang and Teresa Head-Gordon and Jay W. Ponder and Pengyu Ren and John D. Chodera and Peter K. Eastman and Todd J. Martinez and Vijay S. Pande},
	Title = {Systematic improvement of a classical model of water},
	Journal = {J. Phys. Chem. B},
	Volume = {117},
	Pages = {9956--9972},
	Year = {2013}}

@article{kuczynski:nat-rev-clin-oncol:2013:drug-rechallenge,
	doi = {10.1038/nrclinonc.2013.158},
	Author = {Elizabeth A. Kuczynski and Daniel J. Sargeant and Axel Grothey and Robert S. Kerbel},
	Title = {Drug rechallenge and treatments beyond progression---implications for drug resistance},
	Journal = {Nat. Rev. Clin. Oncol.},
	Volume = {10},
	Pages = {571--587},
	Year = {2013}}
	
@article{magrane:database:2011:uniprot,
	doi = {10.1093/database/bar009},
	Author = {Michele Magrane and {UniProt Consortium}},
	Title = {{UniProt Knowledgebase}: A hub of integrated protein data},
	Journal = {Database},
	Volume = {2011},
	Pages = {bar009},
	Year = {2011}}
	
@article{magliery:jacs:2009:thermofluor,
	doi = {10.1021/ja8049063},
	Author = {Jason L. Lavinder and Sanjay B. Hari and Brandon J. Sullivan and Thomas J. Magliery},
	Title = {High-throughput thermal scanning: a general, rapid dye-binding thermal shift screen for protein engineering},
	Journal = {J. Am. Chem. Soc.},
	Volume = {131},
	Pages = {3794--3795},
	Year = {2009}}

@article{manley:acta-cryst-d:2007:imatinib-abl,
	doi = {http://dx.doi.org/10.1107/S0907444906047287},
	Author = {S. W. Cowan-Jacob and G. Fendrich and A. Floersheimer and P. Furet and J. Liebetanz and G. Rummel and P. Rheinberger and M. Centeleghe and D. Fabbro and P. W. Manley},
	Title = {Structural biology contributions to the discovery of drugs to treat chronic myelogenous leukemia},
	Journal = {Acta Cryst. D},
	Volume = {63},
	Pages = {80--93},
	Year = {2007}}

@article{greenman:nature:2007:cancer-mutations,
author = {Christopher Greenman and {et al.}},
title = {{Patterns of somatic mutation in human cancer genomes}},
journal = {Nature},
year = {2007},
volume = {446},
number = {7132},
pages = {153--158},
month = mar
}

@Misc{acs-cancer-facts-2015,
  author    = {{American Cancer Society}},
  title     = {{Cancer Facts \& Figures 2015}},
  year      = {2015},
  note      = {\url{https://www.cancer.org/research/cancer-facts-statistics/all-cancer-facts-figures/cancer-facts-figures-2015.html}},
  city      = {Atlanta},
  publisher = {American Cancer Society},
}

@misc{acs-cancer-facts-2014,
	Author = {{American Cancer Society}},
	Title = {{Cancer Facts \& Figures 2014}},
	Publisher = {American Cancer Society},
	City = {Atlanta},
	Year = {2014}}

@misc{acs-cancer-facts-2013,
	Author = {{American Cancer Society}},
	Title = {{Cancer Facts \& Figures 2013}},
	Publisher = {American Cancer Society},
	City = {Atlanta},
	Year = {2013}}

@article{shibata:mol-pharmaceutics:2011:molecular-tumor-clocks,
	Author = {Darryl Shibata},
	Title = {Molecular tumor clocks to study the evolution of drug resistance},
	Journal = {Mol. Pharmaceutics},
	Volume = {8},
	Pages = {2050--2054},
	Year = {2011}}
	
@article{fuzreal:nature-rev-cancer:2004:census-human-cancer,
	Author = {P. Andrew Futreal and Lachlan Coin and Mhairi Marshall and Thomas Down and Timothy Hubbard and Richard Wooster and Nazneen Rahman and Michael R. Stratton},
	Title = {A census of human cancer genes},
	Journal = {Nature Rev. Cancer},
	Volume = {4},
	Pages = {177--183},
	Year = {2004}}
	
@article{kuriyan-shaw:pnas:2009:abl-protonation-state,
	Author = {Yibing Shan and Markus A. Seeliger and Michael P. Eastwood and Filipp Frank and Huafeng Xu and Morten \O. Jensen and Ron O. Dror and John Kuriyan and David E. Shaw},
	Title = {A conserved protonation-dependent switch controls drug binding in {Abl} kinase},
	Journal = {Proc. Natl. Acad. Sci. USA},
	Volume = {106},
	Pages = {139--144},
	Year = {2009}}
	
@article{wang:protein-express-pur:2008:high-yield-kinase-insect-cells,
	Author = {Leyu Wang and Meta Foster and Yan Zhang and Willian R. Tschantz and Lily Yang and Joe Worrall and Christie Loh and Xu Xu},
	Title = {High yield expression of non-phosphorylated protein tyrosine kinases in insect cells},
	Journal = {Protein Express. Pur.},
	Volume = {61},
	Pages = {204--211},
	Year = {2008}}
	
@article{gallicchio-levy:curr-opin-struct-biol:2011:free-energy-review,
	Author = {Emilio Gallicchio and Ronald M. Levy},
	Title = {Advances in all atom sampling methods for modeling protein--ligand binding affinities},
	Journal = {Curr. Opin. Struct. Biol.},
	Volume = {21},
	Pages = {161--166},
	Year = {2011}}
	
@article{essex:jcamd:2010:free-energy-review,
author = {Julien Michel and Jonathan W. Essex}, 
journal = {J. Comput. Aided Mol. Des.},
title = {Prediction of protein--ligand binding affinity by free energy simulations: assumptions, pitfalls and expectations},
volume = 24,
pages = {639--658},
year = 2010,
annote = {Pretty nice review of the state of the field and "good practices" from what I can tell. Should be read by students and others needing an introduction.},
keywords = {background, binding free energy, best practices, review}, 
date-added = {2010-07-27 21:45:23 -0500},
date-modified = {2010-09-06 16:35:00 -0500},
pmid = {related:7t84TxVVUWkJ},
read = {Yes},
rating = {4},
stars = 1,
}

@article{essex:j-med-chem:2008:estrogen-receptor,
author = {Julien Michel and J Essex}, 
journal = {J. Med. Chem.},
title = {Hit Identification and Binding Mode Predictions by Rigorous Free Energy Simulations},
abstract = {The identification of lead molecules using computational modeling often relies on approximate, high-throughput approaches, of limited accuracy. We show here that, with a methodology we recently developed, it is possible to predict the relative binding free energies of structurally diverse ligands of the estrogen receptor-alpha using a rigorous statistical thermodynamics approach. Predictions obtained from the simulations with an explicit solvation model are in good qualitative agreement with experimental data, while simulations with implicit solvent models or rank ordering by empirical scoring functions yield predictions of lower quality. In addition, it is shown that free energy techniques can be used to select the most likely binding mode from a set of possible orientations generated by a docking program. It is suggested that the free energy techniques outlined in this study can be used to rank-order, by potency, structurally diverse compounds identified by virtual screening, de novo design or scaffold hopping programs.},
affiliation = {J.W.Essex@soton.ac.uk.},
volume = 51,
pages = {6654-6664},
year = {2008},
month = {Oct},
language = {ENG},
keywords = {Multiple binding modes, Relative, Estrogen receptor, Conformation dependence of results, Binding free energy}, 
date-added = {2008-10-28 10:45:33 -0500},
date-modified = {2009-11-03 11:20:48 -0600},
read = {Yes},
rating = {4}
}

@article{sciabola:jcim:2008:kinase-selectivity,
	Author = {Simone Sciabola and Robert V. Stanton and Sarah Wittkopp and Scott Wildman and Deborah Moshinsky and Shobha Potluri and Huanlin Xi},
	Title = {Predicting kinase selectivity profiles using {Free-Wilson QSAR} analysis},
	Journal = {J. Chem. Inf. Model.},
	Volume = {48},
	Pages = {1851--1867},
	Year = {2008}}
	
@article{caflisch:bioinformationcs:2010:kinase-selectivity,
	Author = {Danzhi Huang and Ting Zhou and Karine Lafleur and Cristina Nevado and Amadeo Caflisch},
	Title = {Kinase selectivity potential for inhibitors that target the {ATP} binding site: A network analysis},
	Journal = {Bioinformationcs},
	Volume = {26},
	Pages = {198--204},
	Year = {2010}}
	
@article{lahiry:nature-rev-genetics:2010:kinase-disease-review,
	Author = {Piya Lahiry and Ali Torkmani and Nicholas J. Schork and Robert A. Hegele},
	Title = {Kinase mutations in human disease: interpreting genotype-phenotype relationships},
	Journal = {Nature Rev. Genetics},
	Volume = {11},
	Pages = {60--74},
	Year = {2010}}
	
@article{warren-head:j-med-chem:2006:docking-evaluation,
	Author = {Gregory L. Warren and C. Webster Andrews and Anna-Maria Capelli and Brian Clarke and Judith LaLonde and Millard H. Lambert and Mika Lindvall and Neysa Nevins and Simon F. Semus and Stefan Senger and Giovanna Tedesco and Ian D. Wall and James M. Woolven and Catherine E. Peishoff and Martha S. Head},
	Title = {A critical assessment of docking programs and scoring functions},
	Journal = {J. Med. Chem.},
	Volume = {49},
	Pages = {5912--5931},
	Year = {2006}}
	
@article{bain:biochem-j:2007:kinase-inhibitor-selectivity,
	Author = {Jenny Bain and Lorna Plater and Matt Elliott and Natalia Shpiro and C. James Hastie and Hilary McLauchlan and Iva Klevernic and J. Simon C. Arthur and Dario R. Aless and Philip Cohen},
	Title = {The selectivity of protein kinase inhibitors: A further update},
	Journal = {Biochem. J.},
	Volume = {408},
	Pages = {297--315},
	Year = {2007}}
	
@article{cohen:acs-chem-bio:2013:kinase-drug-discovery,
	Author = {Philip Cohen and Dario R. Alessi},
	Title = {Kinase drug discovery---what's next in the field?},
	Journal = {ACS Chemical Biology},
	Volume = {8},
	Pages = {96--104},
	Year = {2013}}

@article{cohen:cell:2010:ubiquitin-drug-target,
	Author = {Philip Cohen and Marianna Tcherpakov},
	Title = {Will the Ubiquitin System Furnish as Many Drug Targets as Protein Kinases?},
	Journal = {Cell},
	Volume = {143},
	Pages = {686--693},
	Year = {2010}}

@article{wilson:curr-cancer-drug-targets:2016:drug-resistance,
	Author = {T. R. Wilson and P. G. Johnston and D. B. Longley},
	Title = {Anti-apoptotic mechanisms of drug resistance in cancer},
	Journal = {Curr. Cancer Drug Targets},
	Volume = {9},
	Pages = {307--319},
	Year = {2016}}

@article{cohen:nature-rev-drug-disc:2002:kinase-review,
	Author = {Philip Cohen},
	Title = {Protein kinases---the major drug targets of the twenty-first century?},
	Journal = {Nature Rev. Drug Disc.},
	Volume = {1},
	Pages = {309--315},
	Year = {2002}}

@article{weisberg:nature-rev-cancer:2007:second-generation-tkis,
	Author = {Ellen Weisberg and Paul W. Manley and Sandra W. Cowan-Jacob and Andreas Hochhaus and James D. Griffin},
	Title = {Second generation inhibitors of {BCR-ABL} for the treatment of imatinib-resistant chronic myeloid leukemia},
	Journal = {Nature Rev. Cancer},
	Volume = {7},
	Pages = {345--356},
	Year = {2007}}
	
@article{deininger:blood:2005:imatinib-development,
	Author = {Michael Deininger and Elisabeth Buchdunger and Brian J. Druker},
	Title = {The development of imatinib as a therapeutic agent for chronic myeloid leukemia},
	Journal = {Blood},
	Volume = {105},
	Pages = {2640--2653},
	Year = {2005}}

@article{levitzki-gazit:science:1995:tryosine-kinase-inhibition,
	Author = {A. Levitzki and A. Gazit},
	Title = {Tyrosine kinase inhibition: an approach to drug development},
	Journal = {Science},
	Volume = {24},
	Pages = {1782--1788},
	Year = {1995}}

@article{vieth:ddt:2005:kinase-drug-targets,
	Author = {Michal Vieth and Jeffrey J. Sutherland and Daniel H. Robertson and Robert M. Campbell},
	Title = {Kinomics: characterizing the therapeutically validated kinase space},
	Journal = {Drug Discovery Today},
	Volume = {10},
	Pages = {839--846},
	Year = {2005}}

@article{simonson:j-biol-chem:2010:imatinib-selectivity,
	Author = {Alexey Aleksandrov and Thomas Simonson},
	Title = {Molecular dynamics simulations show that conformational selection governs the binding preferences of imatinib for several tyrosine kinases},
	Journal = {J. Biol. Chem.},
	Volume = {285},
	Pages = {13807--13815},
	Year = {2010}}

@article{murcko:nature-chemistry:2011:fixing-pharma,
	Author = {Patrick R. Connelly and T. Minh Vuong and Mark A. Murcko},
	Title = {Getting physical to fix pharma},
	Journal = {Nature Chemistry},
	Volume = {3},
	Pages = {692--695},
	Year = {2011}}
	
@article{dixit:plos-one:2009:kinase-mutation-hotspots,
	Author = {Anshuman Dixit and Lin Yi and Ragul Gowthaman and Ali Torkamani and Nicholas J. Schork and Gennady M. Verkhivker},
	Title = {Sequence and structure signatures of cancer mutation hotspots in protein kinases},
	Journal = {PLoS One},
	Volume = {4},
	Pages = {e7485},
	Year = {2009}}
	
@article{longley-johnston:j-pathol:2005:drug-resistance,
	Author = {D. B. Longley and P. G. Johnston},
	Title = {Molecular mechanisms of drug resistance},
	Journal = {J. Pathol.},
	Volume = {205},
	Pages = {275--292},
	Year = {2005}}

@article{daley:cell:2003:kinase-resistance-mutants,
	Author = {Mohammad Azam and Robert R. Latek and George Q. Daley},
	Title = {Mechanisms of autoinhibition and {STI-571}/imatinib resistance revealed by mutagenesis of \emph{BCR-ABL}},
	Journal = {Cell},
	Volume = {112},
	Pages = {831--843},
	Year = {2003}}

@article{kuriyan:nsmb:2008:gatekeeper-activation,
	Author = {Mohammad Azam and Markus A. Seeliger and Nathanael S. Gray and John Kuriyan and George Q. Daley},
	Title = {Activation of tyrosine kinases by mutation of the gatekeeper threonine},
	Journal = {Nature Struct. Mol. Biol.},
	Volume = {15},
	Pages = {1109--1118},
	Year = {2008}}

@article{bowman-geissler:pnas:2012:cryptic-allosteric-sites,
	Author = {Gregory R. Bowman and Phillip L. Geissler},
	Title = {Equilibrium fluctuations of a single folded protein reveal a multitude of potential cryptic allosteric sites},
	Journal = {Proc. Nat. Acad. Sci.},
	Volume = {109},
	Pages = {11681--11686},
	Year = {2012}}
	
@article{bowman-pande:jcp:2009:msm-review,
	Author = {Gregory R. Bowman and Kyle A. Beauchamp and George Boxer and Vijay S. Pande},
	Title = {Progress and challenges in the automated construction of Markov state models for full protein systems},
	Journal = {J. Chem. Phys.},
	Volume = {131},
	Pages = {124101},
	Year = {2009}}

@article{bowman-huang-pande:methods:2009:msmbuilder,
	Author = {Gregory R. Bowman and Xuhui Huang and Vijay S. Pande},
	Title = {Using generalized ensemble simulations and Markov state models to identify conformational states},
	Journal = {Methods},
	Volume = {49},
	Pages = {197--201},
	Year = {2009}}

@article{pande-beauchamp-bowman:methods:2010:msm-review,
	Author = {Vijay S. Pande and Kyle A. Beauchamp and Gregory R. Bowman},
	Title = {Everything you wanted to know about {Markov} state models but were afraid to ask},
	Journal = {Methods},
	Volume = {52},
	Pages = {99--105},
	Year = {2010}}

@article{gottesman:annu-rev-med:2002:cancer-resistance,
	Author = {Michael M. Gottesman},
	Title = {Mechanisms of cancer drug resistance},
	Journal = {Annu. Rev. Med.},
	Volume = {53},
	Pages = {615--627},
	Year = {2002}}
	
@article{national-vital-statistics-report:deaths:2007,
	Author = {Jiaquan Xu and Kenneth D. Kochanek and Sherry L. Murphy and Betzaida Tejada-Vera},
	Title = {Deaths: Final Data for 2007},
	Journal = {National Vital Statistics Report},
	Volume = {58},
	Number = {19},
	Pages = {1--135},
	Year = {2007}}

@article{huse-kuriyan:cell:2002:kinase-plasticity,
	Author = {Morgan Huse and John Kuriyan},
	Title = {The conformational plasticity of kinases},
	Journal = {Cell},
	Volume = {109},
	Pages = {275--282},
	Year = {2002}}

@article{kuriyan:science:2000:imatinib-binding-to-abl,
	Author = {Thomas Schindler and William Bornmann and Patricia Pellicena and W. Todd Miller and Bayard Clarkson and John Kuriyan},
	Title = {Structural mechanism for {STI-571} inibition of abelson tyrosine kinase},
	Journal = {Science},
	Volume = {289},
	Pages = {1938--1942},
	Year = {2000}}

@article{vertex:anal-biochem:2008:kinase-fluorescence-binding-assay,
	Author = {Ganesh H. Iyer and Paul Taslimi and S. Pazhanisamy},
	Title = {Staurosporine-based binding assay for testing the affinity of compounds to protein kinases},
	Journal = {Anal. Biochem.},
	Volume = {373},
	Pages = {197--206},
	Year = {2008}}

@article{noble:science:2004:kinase-inhibitor-review,
	Author = {Martin E. M. Noble and Jane A. Endicott and Louise N. Johnson},
	Title = {Protein kinase inhibitors: Insights into drug design from structure},
	Journal = {Science},
	Volume = {303},
	Pages = {1800--1805},
	Year = {2004}}
	
@article{shah:science:2004:dasatinib,
	Author = {Neil P. Shah and Chris Tran and Francis Y. Lee and Ping Chen and Derek Norris and Charles L. Sawyers},
	Title = {Overriding imatinib resistance with a novel {ABL} kinase inhibitor},
	Journal = {Science},
	Volume = {305},
	Pages = {399--401},
	Year = {2004}}
	
@article{kuriyan:cell:2003:imatinib-selectivity,
	Author = {Bhushan Nagar and Oliver Hantschel and Matthew A. Young and Klaus Scheffzek and Darren Veach and William Bornmann and Bayard Clarkson and Giulio Superti-Furga and John Kuriyan},
	Title = {Structural basis for the autoinhibition of {c-Abl} tyrosine kinase},
	Journal = {Cell},
	Volume = {112},
	Pages = {859--871},
	Year = {2003}}
	
@article{fabian:nature-biotech:2005:kinase-selectivity-map,
author = {Fabian, Miles A and Biggs, William H and Treiber, Daniel K and Atteridge, Corey E and Azimioara, Mihai D and Benedetti, Michael G and Carter, Todd A and Ciceri, Pietro and Edeen, Philip T and Floyd, Mark and Ford, Julia M and Galvin, Margaret and Gerlach, Jay L and Grotzfeld, Robert M and Herrgard, Sanna and Insko, Darren E and Insko, Michael A and Lai, Andiliy G and L{\'e}lias, Jean-Michel and Mehta, Shamal A and Milanov, Zdravko V and Velasco, Anne Marie and Wodicka, Lisa M and Patel, Hitesh K and Zarrinkar, Patrick P and Lockhart, David J},
title = {A small molecule--kinase interaction map for clinical kinase inhibitors},
journal = {Nature Biotech.},
volume = {23},
pages = {329--336},
year = {2005},
}

@article{karaman:nature-biotech:2008:kinase-selectivity-map,
	Author = {Mazen W. Karaman and Sanna Herrgard and Daniel K. Treiber and Paul Gallant and Corey E. Atteridge and Brian T. Campbell and Katrina W. Chan and Pietro Ciceri and Mindy I. Davis and Philip T. Edeen and Raffaella Faraoni and Mark Floyd and Jeremy P. Hunt and Daniel J. Lockhart and Zdravko V. Milanov and Michael J. Morrison and Gabriel Pallares and Hitesh K. Patel and Stephanie Pritchard and Lisa M. Wodicka and Patrick P. Zarrinkar},
	Title = {A quantitative analysis of kinase inhibitor selectivity},
	Journal = {Nature Biotech.},
	Volume = {26},
	Pages = {127--132},
	Year = {2008}}
	
@article{zarrinkar:nature-biotech:2011:kinase-inhibitor-selectivity,
	Author = {Mindy I. Davis and Jeremy P. Hunt and Sanna Herrgard and Pietro Ciceri and Lisa M. Wodicka and Gabriel Pallares and Michael Hocker and Daniel K. Treiber and Patrick P. Zarrinkar},
	Title = {Comprehensive analysis of kinase inhibitor selectivity},
	Journal = {Nature Biotech.},
	Volume = {29},
	Pages = {1046--1051},
	Year = {2011}}		

@article{gilson:biophys-j:1997:free-energy-calculations,
  Title = {A statistical-thermodynamic basis for computation of binding affinities: A critical review},
  author = {Michael K. Gilson and J. A. Given and B. L. Bush and J. Andrew McCammon},
  journal = {Biophys. J.},
  year = {1997},
  volume = {72},
  number = {3},
  pages = {1047--1069}}

@article{boresch:jpca:2003:restraints,
  title = {Absolute binding free energies: A quantitative approach for their calculation},
  author = {Boresch, Stefan and Tettinger, F.  and Leitgeb, Martin and Karplus, Martin},
  journal = {J. Phys. Chem. A},
  year = {2003},
  volume = {107},
  number = {35},
  pages = {9535--9551},
annote={Boresch bonded term analysis. HighP.},
}

@misc{folding-at-home-stats,
	note = {\url{http://fah-web.stanford.edu/cgi-bin/main.py?qtype=osstats}}}

@article{shirts-pande:science:2000:folding-at-home,
	Author = {Michael Shirts and Vijay S. Pande},
	Title = {Screen savers of the world unite!},
	Journal = {Science},
	Volume = {290},
	Pages = {1903--1904},
	Year = {2000}}
	
@article{tembe-mccammon:comput-chem:1984:alchemical-free-energy-calculations,
	Author = {Bhalachandra L. Tembe and J. Andrew {McCammon}},
	Title = {Ligand-receptor interactions},
	Journal = {Computers \& Chemistry},
	Volume = {8},
	Pages = {281--283},
	Year = {1984}}

@article{opls-aa,
	Author = {W. L. Jorgensen and D. S. Maxwell and J. Tirado-Rives},
	Title = {Development and testing of the {OPLS} all-atom forcefield on conformational energetics and properties of organic liquids},
	Journal = {J. Am. Chem. Soc.},
	Volume = {118},
	Pages = {11225--11236},
	Year = {1996}}

@article{mackerrell:j-comput-chem:2010:cgenff,
	Author = {K. Vanommeslaeghe and E. Hatcher and C. Acharya and S. Kundu and S. Zhong and J. Shim and E. Darian and O. Guvench and P. Lopes and I. Vorobyov and A. D. MacKerell Jr.},
	Title = {A force field for drug-like molecules compatible with the {CHARMM} all-atom additive biological force fields},
	Journal = {J. Comput. Chem.},
	Volume = {31},
	Pages = {671--690},
	Year = {2010}}
	
@article{ricci:cancer-res:2002:imatinib-resistance,
	Author = {Clara Ricci and Barbara Scappini and Vladimir Divoky and Simona Gatto and Francesco Onida and Srdan Verstovsek and Hagop M. Kantarjian and Miloslav Beran},
	Title = {Mutation in the {ATP}-binding Pocket of the {ABL} Kinase Domain in an {STI571}-resistant {BCR/ABL}-positive Cell Line},
	Journal = {Cancer Res.},
	Volume = {62},
	Pages = {5995--5998},
	Year = {2002}}
	
@article{kuriyan:cancer-cell:2002:imatinib-resistance,
	Author = {Neil P. Shah and John M. Nicoll and Bhushan Nagar and Mercedes E. Gorre	and Ronald L. Paquette and John Kuriyan and Charles L. Sawyers},
	Title = {Multiple {BCR-ABL} kinase domain mutations confer polyclonal resistance to the tyrosine kinase inhibitor imatinib ({STI571}) in chronic phase and blast crisis chronic myeloid leukemia},
	Journal = {Cancer Cell},
	Volume = {2},
	Pages = {117--125},
	Year = {2002}}

@article{corbin:j-biol-chem:2002:imatinib-specificity,
	Author = {Amie S. Corbin and Elisabeth Buchdunger and Furet Pascal and Brian J. Druker},
	Title = {Analysis of the structural basis of specificity of inhibition of the {Abl} kinase by {STI571}},
	Journal = {J. Biol. Chem.},
	Volume = {277},
	Pages = {32214--32219},
	Year = {2002}}
	
@article{gruber:leukemia:2011:cml-resistance-dynamics,
	Author = {F. X. Gruber and T. Ernst and K. Porkka and R. A. Engh and I. Mikkola and J. Maier and T. Lange and A. Hochhaus},
	Title = {Dynamics of the emergence of dasatinib and nilotinib resistance in imatinib-resistant {CML} patients},
	Journal = {Leukemia},
	Volume = {26},
	Pages = {172--177},
	Year = {2012}}
	
@article{gromacs,
	Author = {Berk Hess and Carsten Kutzner and David {van der Spoel} and Erik Lindahl},
	Title = {{GROMACS 4}: Algorithms for highly efficient, load-balanced, and scalable molecular simulation},
	Journal = {J. Chem. Theory Comput.},
	Volume = {4},
	Pages = {435--447},
	Year = {2008}}
	
@article{manning:science:2002:kinome,
	Author = {G. Manning and D. B. Whyte and R. Martinez and T. Hunter and S. Sudarsanam},
	Journal = {Science},
	Title = {The protein kinase complement of the human genome},
	Volume = {298},
	Pages = {1912--1934},
	Year = {2002}}
	
@article{lim:cell:2009:ste5,
	Author = {Matthew Good and Grace Tang and Julie Singleton and Attila Rem\'{e}nyi and Wendell A. Lim},
	Title = {The {Ste5} scaffold direct mating signaling by catalytically unlocking the {Fus3} {MAP} kinase for activation},
	Journal = {Cell},
	Volume = {136},
	Pages = {1085--1097},
	Year = {2009}}
	
@article{lim:science:2011:scaffolds,
	Author = {Matthew C. Good and Jesse G. Zalatan and Wendell A. Lim},
	Title = {Scaffold proteins: Hubs for controlling the flow of cellular information},
	Journal = {Science},
	Volume = {332},
	Pages = {680--686},
	Year = {2011}}
	
@article{ten-wolde:prl:2005:forward-flux-sampling,
	Author = {Rosalind J. Allen and Patrick B. Warren and Pieter Rein ten Wolde},
	Title = {Sampling rare switching events in biochemical networks},
	Journal = {Phys. Rev. Lett.},
	Volume = {94},
	Pages = {018104},
	Year = {2005}}
	
@article{opplestrup:prl:2006:fpkmc,
	Author = {Tomas Opplestrup and Vasily V. Bulatov and George H. Gilmer and Malvin H. Kalos and Babak Sadigh},
	Title = {First-passage {Monte Carlo} algorithm: Diffusion without all the hops},
	Journal = {Phys. Rev. Lett.},
	Volume = {97},
	Pages = {230602},
	Year = {2006}}

@article{ten-wolde:jcp:2005:gfrd,
	Author = {Jeroen S. van Zon and Pieter Rein ten Wolde},
	Title = {Green's-function reaction dynamics: A particle-based approach for simulating biochemical networks in time and space},
	Journal = {J. Chem. Phys.},
	Volume = {123},
	Pages = {234910},
	Year = {2005}}

@article{ten-wolde:pnas:2010:mapk,
	Author = {Koichi Takahashi and Sorin T\v{a}nase-Nicola and Pieter Rein ten Wolde},
	Title = {Spatio-temporal correlations can drastically change the response of the {MAPK} pathway},
	Journal = {Proc. Natl. Acad. Sci. USA},
	Volume = {107},
	Pages = {2473--2478},
	Year = {2010}}

@article{levinson:plos-biology:2006:inactive-abl,
	Author = {Nicholas M. Levinson and Olga Kuchment and Kui Shen and Matthew A. Young and Michael Koldobskly and Martin Karplus and Phillip A. Cole and John Kuriyan},
	Title = {A {Src}-like inactive conformation in the {Abl} tyrosine kinase domain},
	Journal = {Plos Biology},
	Volume = {4},
	Pages = {e144},
	Year = {2006}}
		
@article{levinson-boxer:plos-one:2012:bosutinib,
	Author = {Nicholas M. Levinson and Steven G. Boxer},
	Title = {Structural and Spectroscopic Analysis of the Kinase Inhibitor Bosutinib and an Isomer of Bosutinib Binding to the {Abl} Tyrosine Kinase Domain},
	Journal = {PLoS One},
	Volume = {7},
	Pages = {e29828},
	Year = {2012}}
		
@article{levinson-boyce-chodera:2011:kinase-fluorescence-assay,
	Author = {Nicholas M. Levinson and Sarah E. Boyce and John D. Chodera},
	Title = {A high-throughput fluorescence assay for direct measurement of kinase inhibitor binding affinities},
	Journal = {in preparation},
	Volume = {},
	Pages = {},
	Year = {2011}}
	
@article{kaiser:2011:ribosome-folding,
	Author = {Christian M. Kaiser and Daniel H. Goldman and John D. Chodera and Ignacio Tinoco Jr. and Carlos Bustamante},
	Title = {The ribosome modulates nascent protein folding},
	Journal = {Science},
	Volume = {334},
	Pages = {1723},
	Year = {2011}}
	
@article{chodera-shirts:jcp:2011:gibbs,
	Author = {John D. Chodera and Michael R. Shirts},
	Title = {Replica exchange and expanded ensemble simulations as Gibbs sampling: Simple improvements for enhanced mixing},
	Journal = {J. Chem. Phys.},
	Volume = {135},
	Pages = {194110},
	Year = {2011}}
	
@article{chodera:curr-opin-struct-biol:2011:drug-discovery,
	Author = {John D. Chodera and David L. Mobley and Michael R. Shirts and Richard W. Dixon and Kim M. Branson and Vijay S. Pande},
	Title = {Free energy methods in drug discovery and design: Progress and challenges},
	Journal = {Curr. Opin. Struct. Biol.},
	Volume = {21},
	Pages = {150},
	Year = {2011}}

@article{tellinghuisen:anal-biochem:2011:itc-concentration-errors,
	Author = {Joel T. Tellinghuisen and John D. Chodera},
	Title = {Systematic errors in isothermal titration calorimetry: Concentrations and baselines},
	Journal = {Anal. Biochem.},
	Volume = {414},
	Pages = {297},
	Year = {2011}}

@article{wang-landau:2001:prl:wang-landau,
	Author = {Fugao Wang and D. P. Landau},
	Title = {Efficient, multiple-range random walk algorithm to calculate the density of states},
	Journal = {Phys. Rev. Lett.},
	Volume = {86},
	Pages = {2050--2053},
	Year = {2001}}

@inproceedings{herzel:2001:proceedings:map-kinase-cascade,
	Author = {Nils Bl\"{u}thgen and Hanspeter Herzel},
	Title = {{MAP}-kinase-cascade: Switch, amplifier, or feedback controller?},
	Booktitle = {2nd Workshop on Computation of Biochemical Pathways and Genetic Networks},
	Pages = {55--62},	
	Year = {2001}}

@article{fredberg:2009:pnas:cytoplasm-glass,
	Author = {E. H. Zhou and X. Trepat and C. Y. Park and G. Lenormand and M. N. Oliver and S. M. Mijailovich and C. Hardin and D. A. Weitz and J. P. Butler and J. J. Fredberg},
	Title = {Universal behavior of the osmotically compressed cell and its analogy to the colloidal glass transition},
	Journal = {Proc. Natl. Acad. Sci. USA},
	Volume = {106},
	Pages = {10632--10637},	
	Year = {2009}}
	
@inproceedings{naka:2010:iccsa:kinase-cascade,
	Author = {Takashi Naka},
	Title = {Stochastic aspects of kinase cascade pathways in cellular signaling},
	Booktitle = {2010 International Conference on Computational Science and Its Applications},
	Pages = {300--302},	
	Year = {2010}}
		
@article{arkin:2006:nature-biotech:stochastic-effects,
	Author = {Michael S. Samoilov and Adam P. Arkin},
	Title = {Deviant effects in molecular reaction pathways},
	Journal = {Nature Biotech.},
	Volume = {24},
	Pages = {1235--1240},	
	Year = {2006}}
	
@article{elcock:2010:plos-comput-biol:cytoplasm,
	Author = {Sean R. {McGuffee} and Adrian H. Elcock},
	Title = {Diffusion, Crowding \& Protein Stability in a Dynamic Model of the Bacterial Cytoplasm},
	Journal = {PLoS Comput. Biol.},
	Volume = {6},
	Pages = {e1000694},	
	Year = {2010}}
	
@article{dueber:2009:nature-biotech:scaffolds,
	Author = {John E. Dueber and Gabriel C. Wu and G. Reza Malmirchegini and Tae Seok Moon and Christopher J. Petzold and Adeeti V. Ullal and Kristala L. J. Prather and Jay D. Keasling},
	Title = {Synthetic protein scaffolds provide modular control over metabolic flux},
	Journal = {Nature Biotech.},
	Volume = {27},
	Pages = {753},	
	Year = {2009}}
	
@article{ponder:2010:jpcb:amoeba,
	Author = {Jay W. Pinder and Chuanjie Wu and Pengyu Ren and Vijay S. Pande and John D. Chodera and David L. Mobley and Michael J. Schnieders and Imran Haque and D. S. Lambrecht and R. A. {DiStasio Jr.}},
	Title = {Current status of the {AMOEBA} force field},
	Journal = {J. Phys. Chem. B},
	Volume = {114},
	Pages = {2549},	
	Year = {2010}}
	
@article{crooks:2008:jcp:bayesian-bar,
	Author = {P. Maragakis and F. Ritort and C. Bustamante and M. Karplus and G. E. Crooks},
	Title = {Bayesian estimates for free energies from nonequilibrium work data in the presence of instrument noise},
	Journal = {J. Chem. Phys.},
	Volume = {129},
	Pages = {024102},	
	Year = {2008}}

@article{ladbury-klebe-freire:2010;nrdd:calorimetric-lead-design,
	Author = {John E. Ladbury and Gerhard Klebe and Ernesto Freire},
	Title = {Adding calorimetric data to decision making in lead discovery: A hot tip},
	Journal = {Nature Rev. Drug Disc.},
	Volume = {9},
	Pages = {23--27},	
	Year = {2010}}

@article{freire:2007:chem-biol-drug-des:compensation,
	Author = {Virginie Lafont and Anthony A. Armstrong and Hiroyasu Ohtaka and Yoshiaki Kiso and L. Mario Amzel and Ernesto Freire},
	Title = {Compensating enthalpic and entropic changes hinder binding affinity optimization},
	Journal = {Chem. Biol. Drug. Des.},
	Volume = {69},
	Pages = {413--422},	
	Year = {2007}}

@article{chodera:2011:rate-theory,
	Author = {John D. Chodera and Phillip Elms and William C. Swope and Frank No\'{e} and Vijay S. Pande},
	Title = {A robust approach to estimating rates in computer simulations and single-molecule experiments},
	Journal = {submitted},
	Pages = {},
	Volume = {},
	Year = {2011}}
	
@article{lee-chong-chodera-kollman:2001:jacs:odcase,
	Author = {Tai-Sung Lee and Lillian T. Chong and John D. Chodera and Peter A. Kollman},
	Title = {An alternative explanation for the catalytic proficiency of oritidine 5'-phosphate decarboxylase},
	Journal = {J. Am. Chem. Soc.},
	Volume = {123},
	Pages = {12837--12848},	
	Year = {2001}}

@article{hertogs:2007:j-virol:darunavir,
	Author = {Inge Dierynck and Mieke De Wit and Emmanuel Gustin and Inge Keuleers and Johan Vandersmissen and Sabine Hallenberger and Kurt Hertogs},
	Title = {Binding kinetics of darunavir to human immunideficiency virus type 1 protease explain the potent antiviral activity and high genetic barrier},
	Journal = {J. Virol.},
	Volume = {81},
	Pages = {13845--13851},	
	Year = {2007}}

@article{dubay-geissler:2009:jmb:sidechain-entropy,
	Author = {Kateri H. {DuBay} and Phillip L. Geissler},
	Title = {Calculation of proteins' total side-chain torsional entropy and its influence on protein-ligand interactions},
	Journal = {J. Mol. Biol.},
	Volume = {391},
	Pages = {484--497},	
	Year = {2009}}
	
@article{davidson:2009:pnas:tetr,
	Author = {Sean E. Reichheld and Zhou Yu and Alan R. Davidson},
	Title = {The induction of folding cooperativity by ligand binding drives the allosteric response of tetracycline receptor},
	Journal = {Proc. Natl. Acad. Sci. USA},
	Volume = {106},
	Pages = {22263--22268},	
	Year = {2009}}
	
@article{pande:2008:jcp:abeta,
	Author = {Nicholas W. Kelley and V. Vishal and Grant A. Krafft and Vijay S. Pande},
	Title = {Simulating oligomerization at experimental concentrations and long timescales: A {Markov} state model approach},
	Journal = {J. Chem. Phys.},
	Volume = {129},
	Pages = {214707},	
	Year = {2008}}
	
@article{tummino-copeland:2008:biochem:residence-time,
	Author = {Peter J. Tummino and Robert A. Copeland},
	Title = {Residence time of receptor-ligand complexes and its effects on biological function},
	Journal = {Biochem.},
	Volume = {47},
	Pages = {5481--5492},	
	Year = {2008}}
	
@article{hilser:2007:pnas:allosteric-coupling,
	Author = {Vincent J. Hilser and E. Brad Thompson},
	Title = {Intrinsic disorder as a mechanism to optimize allosteric coupling in proteins},
	Journal = {Proc. Natl. Acad. Sci. USA},
	Volume = {104},
	Pages = {8311--8315},	
	Year = {2007}}

@article{ranganathan:2003:nsb:allosteric-networks,
	Author = {G\"{u}rol M. S\"{u}el and Steve W. Lockless and Mark A. Wall and Rama Ranganathan},
	Title = {Evolutionarily conserved networks of residues mediate allosteric communication in proteins},
	Journal = {Nature Struct. Biol.},
	Volume = {10},
	Pages = {59--69},	
	Year = {2003}}

@article{schneider:2010:nrdd:virtual-screening,
	Author = {Gisbert Schneider},
	Title = {Virtual screening: an endless staircase?},
	Journal = {Nature Rev. Drug Discovery},
	Volume = {9},
	Pages = {273--276},	
	Year = {2010}}
	
@article{noe:2009:pnas:transition-path-theory,
	Author = {Frank No\'{e} and Christof Sch\"{u}tte and Eric Vanden-Eijnden and Lothar Reich and Thomas R. Weikl},
	Title = {Constructing the equilibrium ensemble of folding pathways from short off-equilibrium simulations},
	Journal = {Proc. Natl. Acad. Sci. USA},
	Volume = {106},
	Pages = {19011--19016},
	Year = {2009}}
	
@article{tethering,
	Author = {Daniel A. Erlanson and Andrew C. Braisted and Darren R. Raphael and Mike Randal and Robert M. Stroud and Eric M. Gordon and James A. Wells},
	Title = {Site-directed ligand discovery},
	Journal = {Proc. Natl. Acad. Sci. USA},
	Volume = {97},
	Pages = {9367--9372},
	Year = {2000}}
	
@article{kinase-allosteric-inhibitors,
	Author = {Marie A. Bogoyevitch and David M. Fairlie},
	Title = {A new paradigm for protein kinase inhibition: Blocking phosphorylation without directly targeting {ATP} binding},
	Journal = {Drug Discovery Today},
	Volume = {12},
	Pages = {622--633},
	Year = {2007}}
	
@article{il-2,
	Author = {C. D. Thanos and M. Randal and J. A. Wells},
	Title = {A common allosteric site and mechanism in caspases},
	Journal = {J. Am. Chem. Soc.},
	Volume = {125},
	Pages = {15280-1},
	Year = {2003}}

@article{wells:2006:pnas:allosteric-site-in-caspases,
	Title = {A common allosteric site and mechanism in caspases},
	Author = {Justin M. Scheer and Michael J. Romanowski and James A. Wells},
	Journal = {Proc. Natl. Acad. Sci. USA},
	Volume = {103},
	Pages = {7595--7600},
	Year = {2006}}

@article{craik:2009:science:trapping-moving-targets,
	Title = {Trapping moving targets with small molecules},
	Author = {Gregory M. Lee and Charles S. Craik},
	Journal = {Science},
	Volume = {324},
	Pages = {213},
	Year = {2009}}

@article{kuntz:1999:pnas:maximal-affinity-of-ligands,
	Title = {The maximal affinity of ligands},
	Author = {I. D. Kuntz and K. Chen and K. A. Sharp and P. A. Kollman},
	Journal = {Proc. Natl. Acad. Sci. USA},
	Volume = {96},
	Pages = {9997--10002},
	Year = {1999}}

@article{roux:pnas:2013:gleevec-selectivity,
	Title = {Explaining why {Gleevec} is a specific and potent inhibitor of {Abl} kinase},
	Author = {Yen-Lin Lin and Yiling Meng and Wei Jiang and Beno\^{i}t Roux},
	Journal = {Proc. Natl. Acad. Sci. USA},
	Volume = {110},
	Pages = {1664--1669},
	Year = {2013}}
	
@article{roux:2008:jcp:markov-model-esr,
	Title = {Using {Markov} models to simulate electron spin resonance spectra from molecular dynamics trajectories},
	Author = {Deniz Sezer and Jack H. Freed and Beno\^{i}t Roux},
	Journal = {J. Phys. Chem. B},
	Volume = {112},
	Pages = {11014--11027},
	Year = {2008}}
	
@article{buchete-hummer:2008:jpcb:coarse-master-equations,
	Title = {Coarse master equations for peptide folding dynamics},
	Author = {Nicolae-Viorel Buchete and Gerhard Hummer},
	Journal = {J. Phys. Chem. B},
	Volume = {112},
	Pages = {6057--6069},
	Year = {2008}}
	
@article{sarich-noe-schuette:2010:mms:markov-approximation-quality,
	Title = {On the approximation quality of {Markov} state models},
	Author = {Marco Sarich and Frank No\'{e} and Christof Sch\"{u}tte},
	Journal = {Multiscale Model. Simul.},
	Volume = {8},
	Pages = {1154--1177},
	Year = {2010}}

@article{voelz:2010:jacs:ntl9,
	Title = {Molecular simulation of \emph{ab initio} protein folding for a millisecond folder {NTL9}(1--39)},
	Author = {Vincent A. Voelz and Gregory R. Bowman and Kyle Beauchamp and Vijay S. Pande},
	Journal = {J. Am. Chem. Soc.},
	Volume = {132},
	Pages = {1526--1528},
	Year = {2010}}

@article{bacallado:2009:jcp:detailed-balance-constraint,
	Title = {Bayesian comparison of {Markov} models of molecular dynamics with detailed balance constraint},
	Author = {Sergio Bacallado and John D. Chodera and Vijay S. Pande},
	Journal = {J. Chem. Phys.},
	Volume = {131},
	Pages = {045106},
	Year = {2009}}

@article{noe:pnas:2011:dynamical-fingerprints,
	Title = {Dynamical fingerprints: A theoretical framework for understanding biomolecular processes by combination of simulation and kinetic experiments},
	Author = {Frank No\'{e} and S\"{o}ren Doose and Isabella Daidone and Marc L\"{o}llmann and Markus Sauer and John D. Chodera and Jeremy C. Smith},
	Journal = {Proc. Natl. Acad. Sci. USA},
	Volume = {108},
	Pages = {4822},
	Year = {2011}}

@article{chodera:2006:mms:long-time-dynamics,
	Author = {John D. Chodera and William C. Swope and Jed W. Pitera and Ken A. Dill},
	Title = {Long-time protein folding dynamics from short-time molecular dynamics simulations},
	Journal = {Multiscale Model. Simul.},
	Pages = {240--251},
	Volume = {5},
	Year = {2006}}

@article{klebe:2002:jmb:trypsin-mutants,
	Title = {Trypsin mutants for structure-based drug design: Expression, refolding and crystallization},
	Author = {Daniel Rauh and Sabine Reyda and Gerhard Klebe and Milton T. Stubbs},
	Journal = {Biol. Chem.},
	Volume = {383},
	Pages = {1309--1314},
	Year = {2002}}

@article{klebe:2003:jmb:ligand-induced-plasticity,
	Title = {Reconstructing the binding site of factor {Xa} in trypsin reveals ligand-induced structural plasticity},
	Author = {Sabine Reyda and Christian Sohn and Gerhard Klebe and Kathrin Rall and Dirk Ullmann and Hans-Dieter Jakubke and Milton T. Stubbs},
	Journal = {J. Mol. Biol.},
	Volume = {325},
	Pages = {963--977},
	Year = {2003}}

@article{klebe:2001:jmb:trypsin-thrombin,
	Title = {Factorising ligand affinity: A combined thermodynamic and crystallographic study of trypsin and thrombin inhibition},
	Author = {Frank Dullweber and Milton T. Stubbs and {\DJ}or{\dj}e Musil and J\"{o}rg St\"{u}rzebecher and Gerhad Klebe},
	Journal = {J. Mol. Biol.},
	Volume = {313},
	Pages = {593--614},
	Year = {2001}}

@article{lang:2007:angew-chemie:force-fret,
	Title = {Detecting force-induced molecular transitions with fluorescence resonant energy transfer},
	Author = {Peter B. Tarsa and Ricard R. Brau and Mariya Barch and Jorge M. Ferrer and Yelena Freyzon and Paul Matsudaira and Matthew J. Lang},
	Journal = {Angew. Chemie},
	Volume = {119},
	Pages = {2045--2047},
	Year = {2007}}

@Article{Seeliger2006,
  author  = {Markus A. Seeliger and Pratistha Ranjitkar and Corynn Kasap and Yibing Shan and David E. Shaw and Neil P. Shah and John Kuriyan and Dustin J. Maly},
  title   = {Equally potent inhibition of {c-Src} and {Abl} by compounds that recognize inactive kinase conformations},
  journal = {Cancer Res.},
  year    = {2006},
  volume  = {69},
  pages   = {2384--2392},
}
	
@article{seeliger:2007:structure:imatinib-binding,
	Title = {{c-Src} binds to the cancer drug imatinib with an inactive {Abl/c-Kit} conformation and a distributed thermodynamic penalty},
	Author = {Markus A. Seeliger and Bhushan Nagar and Filipp Frank and Xiaoxian Cao and M. Nidanie Henderson and John Kuriyan},
	Journal = {Structure},
	Volume = {15},
	Pages = {299--311},
	Year = {2007}}

@article{seeliger:2005:protein-sci:kinase-expression,
	Title = {High yield bacterial expression of active {c-Abl} and {c-Src} tyrosine kinases},
	Author = {Markus A. Seeliger and Matthew Young and M. Nidanie Henderson and Patricia Pellicena and David S. King and Arnold M. Falick and John Kuriyan},
	Journal = {Protein Sci.},
	Volume = {14},
	Pages = {3135--3139},
	Year = {2005}}

@article{vertex:2004:kinase-expression,
	Title = {High-throughput screening for soluble recombinant expressed kinases in \emph{Escherichia coli} and insect cells},
	Author = {Stephen P. Chambers and Douglas A. Austen and John R. Fulghum and Walter M. Kim},
	Journal = {Protein Expression and Purification},
	Volume = {36},
	Pages = {40--47},
	Year = {2004}}

@article{bell-model,
	Title = {Models for the specific adhesion of cells to cells},
	Author = {G. I. Bell},
	Journal = {Science},
	Volume = {200},
	Pages = {618--627},
	Year = {1977}}

@article{hedges:science:2009:kob-andersen,
author = {Lester O. Hedges and Robert L. Jack and Juan P. Garrahan and David Chandler},
title = {Dynamic order-disorder in atomistic models of structural glass formers},
journal = {Science},
volume = {323},
number = {},
pages = {1309--1313},
year = {2009}}

@article{dynamical-reweighting,
	Title = {Dynamical reweighting: Improved estimates for dynamical properties from simulations at multiple temperatures},
	Author = {John D. Chodera and William C. Swope and Frank No\'{e} and Jan-Hendrik Prinz and Michael R. Shirts and Vijay S. Pande},
	Journal = {J. Chem. Phys.},
	Volume = {},
	Pages = {in press},
	Year = {2011}}

@article{temperature-dependent-markov-models,
	Title = {Optimal use of data in parallel tempering simulations for the construction of kinetic models of peptide dynamics},
	Author = {Jan-Hendrik Prinz and John D. Chodera and Vijay S. Pande and Jeremy C. Smith and Frank No\'{e}},
	Journal = {J. Chem. Phys.},
	Volume = {},
	Pages = {in press},
	Year = {2011}}

@article{moerner:2010:nature-cell-biol:superresolution-imaging,
	Author = {Jerod L. Ptacin and Steven F. Lee and Ethan C. Garner and Esteban Toro and Michael Eckart and Luis R. Comolli and W. E. Moerner and Lucy Shapiro},
	Title = {A spindle-like apparatus guides bacterial chromosome segregation},
	Journal = {Nature Cell Biol.},
	Volume = {12},
	Pages = {791},
	Year = {2010}}

@article{jnk3,
	Author = {Xiaolong Xie and Yong Gu and Ted Fox and Joyce T. Coll and Mark A. Fleming and William Markland and Paul R. Caron and Keith P. Wilson and Michael S. S. Su},
	Title = {Crystal structure of {JNK3}: A kinase implicated in neuronal apoptosis},
	Journal = {Structure},
	Volume = {6},
	Pages = {983--991},
	Year = {1998}}
	
@article{cdk2,
	Author = {Jans H. Alzate-Morales and Julio Caballero and Ariela Vergara Jague and Fernando D. Gonzalez Nilo},
	Title = {Insights into the Structural Basis of {N2} and {O6} Substituted Guanine Derivatives as Cyclin-Dependent Kinase 2 {(CDK2)} Inhibitors: Prediction of the Binding Modes and Potency of the inhibitors by Docking and {ONIOM} Calculations},
	Journal = {J. Chem. Inf. Model.},
	Volume = {49},
	Pages = {886--899},
	Year = {2009}}

@article{cocktail,
	Author = {Christophe L. M. J. Verlinde and Wim G. J. Hol},
	Title = {Structure-based drug design: Progress, results, and challenges},
	Journal = {Structure},
	Volume = {2},
	Pages = {577-587},
	Year = {1994}}
	
@book{jun-s-liu:mcmc,
	Address = {New York},
	Author = {Jun S. Liu},
	Edition = {2nd ed.},
	Month = {October},
	Publisher = {Springer-Verlag},
	Title = {{Monte Carlo} strategies in scientific computing},
	Year = {2002}}

@article{gbvi,
	Author = {Paul Labute},
	Title = {The generalized Born/volume integral implicit solvent model: Estimation of the free energy of hydration using London dispersion instead of atomic surface area},
	Journal = {J. Comput. Chem.},
	Volume = {29},
	Pages = {1693--1698},
	Year = {2008}}
	
@article{gaff,
	Author = {Junmei Wang and R. M. Wolf and Jim W. Caldwell and Peter A. Kollman and David A. Case},
	Title = {Development and testing of a general {AMBER} force field},
	Journal = {J. Comput. Chem.},
	Volume = {25},
	Pages = {1157--1174},
	Year = {2004}}
	
@article{mongan:2004:j-comput-chem:constant-pH,
        title = {Constant {pH} molecular dynamics in a generalized born implicit solvent},
        author = {John Mongan and David A. Case and J. Andrew {McCammon}},
        journal = {J. Comput. Chem.},
        volume = {25},
        pages = {2038--2048},
        year = {2004}}

@article{klebe:2007:jmb:protonation-state-trypsin,
	Author = {Paul Czodrowski and Christoph A. Sotriffer and Gerhard Klebe},
	Title = {Protonation changes upon ligand binding to trypsin and thrombin: Structural interpretation based on {pKa} calculations and {ITC} experiments},
	Journal = {J. Mol. Biol.},
	Volume = {367},
	Pages = {1347--1356},
	Year = {2007}}
        
 @article{klebe:2007:jmb:protonation-state,
	Author = {Holger Steuber and Paul Czodrowski and Christoph A. Sotriffer and Gerhad Klebe},
	Title = {Tracing changes in protonation: A prerequisite to factorize thermodynamic data of inhibitor binding to aldose reductases},
	Journal = {J. Mol. Biol.},
	Volume = {373},
	Pages = {1305--1320},
	Year = {2007}}

@article{martin:2009:jcamd:tautomers,
	Author = {Yvonne C. Martin},
	Title = {Let's not forget tautomers},
	Journal = {J. Comput. Aid. Mol. Des.},
	Volume = {23},
	Pages = {693--704},
	Year = {2009}}

@article{nicholls:2008:sampl,
	Author = {Anthony Nicholls and David L. Mobley and J. Peter Guthrie and John D. Chodera and Christopher I. Bayly and Matthew D. Cooper and Vijay S. Pande},
	Title = {Predicting small-molecule solvation free energies: A blind challenge test for computational chemistry},
	Journal = {J. Med. Chem.},
	Volume = {51},
	Pages = {769--779},
	Year = {2008}}
	
@article{mobley:jpcb:2008:implicit-hydration,
	Author = {David L. Mobley and John D. Chodera and Ken A. Dill},
	Title = {Entropy and conformational change in implicit solvent simulations of small molecules},
	Journal = {J. Phys. Chem. B},
	Volume = {112},
	Pages = {938--946},
	Year = {2008}}
	
@article{mobley:jpcb:2007:comparison-of-charge-models,
	Author = {David L. Mobley and {\'{E}lise} Dumont and John D. Chodera and Ken A. Dill},
	Title = {Comparison of charge models for fixed-charge force fields: Small-molecule hydration free energies in explicit solvent},
	Journal = {J. Phys. Chem. B},
	Volume = {111},
	Pages = {2242--2254},
	Year = {2007}}

@article{shoichet:2002:jmb:model-binding-site,
	Author = {Bingqing Q. Wei and Walter A. Baase and Larry H. Weaver and Brian W. Matthews and Brian K. Shoichet},
	Title = {A model binding site for testing scoring functions in molecular docking},
	Journal = {J. Mol. Biol.},
	Volume = {322},
	Pages = {330--355},
	Year = {2002}}
	
@article{knight-shokat:2005:chem-biol:selective-kinase-inhibitors,
	Author = {Zachary A. Knight and Kevan M. Shokat},
	Title = {Features of selective kinase inhibitors},
	Journal = {Chem. Biol.},
	Volume = {12},
	Pages = {621--637},
	Year = {2005}}
	
@article{gorre:science:2001:imatinib-resistance,
	Author = {Mercedes E. Gorre and Mansoor Mohammed and Katharine Ellwood and Nicholas Hsu and Ron Paquette and P. Nagesh Rao and Charles L. Sawyers},
	Title = {Clinical resistance to {STI-571} cancer therapy caused by {BCR-ABL} gene mutation or amplification},
	Journal = {Science},
	Volume = {293},
	Pages = {876--880},
	Year = {2001}}
	
@article{hiv-drug-resistance,
	Author = {John M. Coffin},
	Title = {{HIV} population-dynamics in vivo: Implications for genetic variation, pathogenesis, and therapy},
	Journal = {Science},
	Volume = {267},
	Pages = {483--489},
	Year = {1995}}
	
@article{drug-resistant-enterococci,
	Author = {Mark M. Huycke and Daniel F. Sahm and Michael S. Gilmore},
	Title = {Multiple-drug resistant enterococci: The nature of the problem and an agenda for the future},
	Journal = {Emerging infectious diseases},
	Volume = {4},
	Pages = {239},
	Year = {1998}}
	
@article{abrf-mirg02,
	Author = {D. G. Myszka and Y. N. Abdiche and F. Arisaka and O. Byron and E. Eisenstein and P. Hensley and J. A. Thomson and C. R. Lombardo and F. Schwarz and W. Stafford and M. L. Doyle},
	Title = {The {ABRF-MIRG'02} study: Assembly state, thermodynamic, and kinetic analysis of an enzyme/inhibitor interaction},
	Journal = {J. Biomol. Tech.},
	Volume = {14},
	Pages = {247--269},
	Year = {2003}}
	
@article{jayachandran-pande:2006:jcp:pop-fep,
	Author = {Guha Jayachandran and Michael R. Shirts and Sanghyun Park and Vijay S. Pande},
	Title = {Parallelized-over-parts computation of absolute binding free energy with docking and molecular dynamics},
	Journal = {J. Chem. Phys.},
	Volume = {125},
	Pages = {084901},
	Year = {2006}}
	
@article{chodera:jcp:2007,
	Author = {John D. Chodera and Nina Singhal and Vijay S. Pande and Ken A. Dill and William C. Swope},
	Title = {Automatic discovery of metastable states for the construction of {Markov models} of macromolecular conformational dynamics},
	Journal = {J. Chem. Phys.},
	Volume = {126},
	Pages = {155101},
	Year = {2007}}
	
@article{noe:jcp:2011:msm-review,
	Title = {Markov models of molecular kinetics: Generation and validation},
	Author = {Jan-Hendrik Prinz and Hao Wu and Marco Sarich and Bettina Keller and Martin Fischbach and Martin Held and John D. Chodera and Christof Sch\"{u}tte and Frank No\'{e}},
	Journal = {J. Chem. Phys.},
	Volume = {134},
	Pages = {174105},
	Year = {2011}}

@article{chodera-noe:jcp:2011:observable-sampling,
	Title = {Probability distributions of molecular observables computed from {Markov} models: {II}. Uncertainties in observables and their time-evolution},
	Author = {John D. Chodera and Frank No\'{e}},
	Journal = {J. Chem. Phys.},
	Volume = {133},
	Pages = {105102},
	Year = {2011}}

@article{noe:2008:jcp:transition-matrix-sampling,
	Title = {Probability distributions of molecular observables computed from {Markov} models},
	Author = {Frank No\'{e}},
	Journal = {J. Chem. Phys.},
	Volume = {128},
	Pages = {244103},
	Year = {2010}}
		
@article{fabian:2005:nat-biotech:kinase-map,
author = {Miles A Fabian and William H Biggs and Daniel K Treiber and Corey E Atteridge and Mihai D Azimioara and Michael G Benedetti and Todd A Carter and Pietro Ciceri and Philip T Edeen and Mark Floyd and Julia M Ford and Margaret Galvin and Jay L Gerlach and Robert M Grotzfeld and Sanna Herrgard and Darren E Insko and Michael A Insko and Andiliy G Lai and Jean-Michel L{\'e}lias and Shamal A Mehta and Zdravko V Milanov and Anne Marie Velasco and Lisa M Wodicka and Hitesh K Patel and Patrick P Zarrinkar and David J Lockhart}, 
journal = {Nature Biotech.},
title = {A small molecule--kinase interaction map for clinical kinase inhibitors},
number = {3},
pages = {329--336},
volume = {23},
year = {2005},
month = {Mar},
date-added = {2008-05-20 20:25:29 -0700},
date-modified = {2008-05-20 20:39:32 -0700},
doi = {10.1038/nbt1068},
uri = {papers://1D89E71A-372E-4289-AB83-B6215191C0F6/Paper/p10350},
read = {Yes},
rating = {0}
}
@article{walsh:2000:chem-biol:VRE,
	Author = {Vicki L. Healy and Ivan A. D> Lessard and David I. Roper and James R. Knox and Christopher T. Walsh},
	Title = {Vancomycin resistance in enterococci: reprogramming of the {D-Ala-D-Ala} ligases in bacterial peptidoglycan biosynthesis},
	Journal = {Chem. Biol.},
	Volume = {7},
	Pages = {R109--R119},
	Year = {2000}}
	
@article{hoeffler-zimmermann:1997:lancet:MRSA,
	Author = {D. Hoeffler and U. Zimmermann},
	Journal = {Lancet},
	Title = {Methicillin-resistant \emph{Staphylococcus aureus} and vancomycin-resistant enterococci},
	Volume = {350},
	Pages = {737--739},
	Year = {1997}}

@article{lyubartsev:jcp:1992:expanded-ensembles,
	Author = {A. P. Lyubartsev and A. A. Martsinovski and S. V. Shevkunov and P. N. Vorontsov-Velyaminov},
	Journal = {J. Chem. Phys.},
	Pages = {1776--1783},
	Title = {New approach to {Monte Carlo} calculation of the free energy: Method of expanded ensembles},
	Volume = {96},
	Year = {1992}}

@misc{sampl3,
	note = {\url{http://sampl.eyesopen.com}}}
	
@misc{bindingdb,
	note = {\url{http://bindingdb.org}}}

@misc{qb3-macrolab,
	note = {\url{http://macrolab.berkeley.edu}}}

@misc{mmtools,
	note = {\url{https://simtk.org/home/mmtools}}}

@misc{minitweezers,
	note = {\url{http://tweezerslab.unipr.it}}}
		
@misc{free-energy-meeting,
	note = {\url{http://www.alchemistry.org/wiki/index.php/2010_Workshop_on_Free_Energy_Methods_in_Drug_Design}}}
				
@article{wiseman:anal-biochem:1989:itc,
	Author = {Thomas Wiseman and Samuel Williston and John F. Brandts and Lung-Nan Lin},
	Journal = {Anal. Biochem.},
	Pages = {131--137},
	Title = {Rapid measurement of binding constants and heats of binding using a new titration calorimeter},
	Volume = {179},
	Year = {1989}}
	
@article{freire:curr-opin-struct-biol:2001:itc,
	Author = {Stephanie Leavitt and Ernesto Freire},
	Journal = {Curr. Opin. Struct. Biol.},
	Pages = {560--566},
	Title = {Direct measurement of protein binding energetics by isothermal titration calorimetry},
	Volume = {11},
	Year = {2001}}

@incollection{shirts-mobley-brown:2009:sbdd,
	Author = {Michael R. Shirts and David L. Mobley and Scott P. Brown},
	Title = {Free energy calculations in structure-based drug design},
	BookTitle = {Structure Based Drug Design},
	Editors = {Kenneth M. Merz and Dagmar Ringe and Charles H. Reynolds},
	Publisher = {Cambridge University Press},
	Year = {2009}}

@article{brown-muchmore-hajduk:2009:drug-discovery-today,
	Author = {Scott P. Brown and Steven W. Muchmore and Phillip J. Hajduk},
	Title = {Healthy skepticism: assessing realistic model performance},
	Journal = {Drug Discovery Today},
	Volume = {14},
	Pages = {420},
	Year = {2009}}

@article{chandler-berne:1979:jcp:reactive-flux-theory,
	Author = {John A. Montgomery Jr. and David Chandler and Bruce J. Berne},
	Journal = {J. Chem. Phys.},
	Number = {9},
	Pages = {4056--4066},
	Title = {Trajectory analysis of a kinetic theory for isomerization dynamics in condensed phases},
	Volume = {70},
	Year = {1979}}

@article{chandler:jcp:1978:reactive-flux-theory,
	Author = {David Chandler},
	Journal = {J. Chem. Phys.},
	Number = {6},
	Pages = {2959--2970},
	Title = {Statistical mechanics of isomerization dynamics in liquids and the transition state approximation},
	Volume = {68},
	Year = {1978}}

@article{chodera-pande:2010:single-molecule-pfold,
	Author = {John D. Chodera and Vijay S. Pande},
	Title = {Splitting probabilities as a test of reaction coordinate choice in single-molecule experiments},
	Journal = {Phys. Rev. Lett.},
	Volume = {107},
	Pages = {098102},
	Year = {2011}}
	
@article{xie:acc-chem-res:2005:single-molecule-enzyme,
	Author = {Wei Min and Brian P. English and Guobin Luo and Binny J. Cherayil and S. C. Kou and X. Sunney Xie},
	Title = {Fluctuating enzymes: Lessons from single-molecule studies},
	Journal = {Acc. Chem. Res.},
	Volume = {38},
	Pages = {923--931},
	Year = {2005}}
	
@article{collin:biophys-j:2006:tar-rna-hopping,
	Author = {Pan T. X. Li and Delphine Collin and Steven B. Smith and Carlos Bustamante and Ignacio Tinoco Jr.},
	Title = {Probing the mechanical folding kinetics of {TAR} {RNA} by hopping, force-jump, and force-ramp methods},
	Journal = {Biophys. J.},
	Volume = {90},
	Pages = {250--260},
	Year = {2006}}

@article{scherer:jmb:2008:equilibrium,
	Author = {Glenna J. Smith and Kang Taek Lee and Xiaohui Qu and Zheng Xie and Jelena Pesic and Tobin R. Sosnick and Tao Pan and Norbert F. Scherer},
	Title = {A large collapse-state {RNA} can exhibit simple exponential single molecule dynamics},
	Journal = {J. Mol. Biol.},
	Volume = {378},
	Pages = {941--951},
	Year = {2008}}

@article{scherer:pnas:2008:nonequilibrium,
	Author = {Xiaohui Qu and Glenna J. Smith and Kang Taek Lee and Tobin R. Sosnick and Tao Pan and Norbert F. Scherer},
	Title = {Single-molecule nonequilibrium periodic {Mg}$^{2+}$-concentration jump experiments reveal details of the early folding pathways of a large {RNA}},
	Journal = {Proc. Natl. Acad. Sci. USA},
	Volume = {105},
	Pages = {6602--6607},
	Year = {2008}}
	
@article{baldwin-kay:nature-chem-bio:2009:nmr-relaxation-dispersion,
	Title = {{NMR} spectroscopy brings invisible protein states into focus},
	Author = {Andrew J. Baldwin and Lewis E. Kay},
	Journal = {Nature Chem. Biol.},
	Volume = {5},
	Number = {11},
	Pages = {808--814},
	Year = {2009}}

@article{thirumalai-rief:pnas:2007:gfp-afm,
	Title = {Revealing the bifurcation in the unfolding pathways of {GFP} by using single-molecule experiments and simulations},
	Author = {Moritz Mickler and Ruxandra I. Dima and Hendrik Dietz and Changbong Hyeon and D. Thirumalai and Matthias Rief},
	Journal = {Proc. Natl. Acad. Sci. USA},
	Volume = {104},
	Number = {51},
	Pages = {20268--20273},
	Year = {2007}}

@article{harms-orr-lu:apl:2004:single-molecule-ion-channel,
	Title = {Probing ion channel conformational dynamics using simultaneous single-molecule ultrafast spectroscopy and patch-clamp electric recording},
	Author = {Greg Harms and Galya Orr and H. Peter Lu},
	Journal = {Appl. Phys. Lett.},
	Volume = {85},
	Number = {10},
	Pages = {1792--1794},
	Year = {2004}}

@article{paul:2010:nrdd:pharma-research-development,
	Author = {Steven M. Paul and Daniel S. Mytelka and Christopher T. Dunwiddie and Charles C. Persinger and Bernard H. Munos and Stacy R. Lindborg and Aaron L. Schacht},
	Title = {How to improve {R\&D} productivity: The pharmaceutical industry's grand challenge},
	Journal = {Nature Rev. Drug Discovery},
	Volume = {9},
	Pages = {203},	
	Year = {2010}}

@article{myszka:2002:pnas:spr,
	Author = {Rebecca L. Rich and Lise R. Hoth and Kieran F. Georghegan and Thomas A. Brown and Peter K. LeMotte and Samuel P. Simons and Preston Hensley and David G. Myszka},
	Title = {How to improve R\&D productivity: The pharmaceutical industry's grand challenge},
	Journal = {Proc. Natl. Acad. Sci. USA},
	Volume = {99},
	Pages = {8562--8567},	
	Year = {2002}}
	
@article{shirts-mobley-chodera-pande:2007:jpcb:dispersion-corrections,
	Author = {Michael R. Shirts and David L. Mobley and John D. Chodera and Vijay S. Pande},
	Journal = {J. Phys. Chem. B},
	Title = {Accurate and efficient corrections for missing dispersion interactions in molecular simulations},
	Volume = {111},
	Pages = {13052--13063},
	Year = {2007}}	
	
@article{mobley-graves:2007:jmb:T4-lysozyme-L99A,
	Author = {David L. Mobley and Alan P. Graves and John D. Chodera and Andrea C. {McReynolds} and Brian K. Shoichet and Ken A. Dill},
	Journal = {J. Mol. Biol.},
	Title = {Predicting absolute ligand binding free energies to a simple model site},
	Volume = {371},
	Pages = {1118--1134},
	Year = {2007}}	
	
@article{mobley-chodera-dill:2007:jctc:confine-and-release,
	Author = {David L. Mobley and John D. Chodera and Ken A. Dill},
	Journal = {J. Chem. Theor. Comput.},
	Title = {Confine and Release: Obtaining Correct Free Energies in the Presence of Protein Conformational Change},
	Volume = {3},
	Pages = {1231--1235},
	Year = {2007}}	
	
@article{mobley-chodera-dill:2006:jcp:orientation-restraints,
	Author = {David L. Mobley and John D. Chodera and Ken A. Dill},
	Title = {On the use of orientational restraints and symmetry corrections in alchemical free energy calculations},
	Journal = {J. Chem. Phys.},
	Volume = {125},
	Pages = {084902},
	Year = {2006}}
	
@article{shirts-mobley-chodera:2007:annu-rep-comput-chem:prime-time,
	Author = {Michael R. Shirts, David L. Mobley and John D. Chodera},
	Title = {Alchemical free energy calculations: Ready for prime time?},
	Journal = {Annu. Rep. Comput. Chem.},
	Volume = {3},
	Pages = {41--59},
	Year = {2007}}

@article{bhmm,
	Author = {John D. Chodera and Phillip Elms and Frank No\'{e} and Bettina Keller and Christian M. Kaiser and Aaron Ewall-Wice and Susan Marqusee and Carlos J. Bustamante and Nina Singhal Hinrichs},
	Title = {Bayesian hidden {Markov} model analysis of single-molecule force spectroscopy: Characterizing kinetics under measurement uncertainty},
	Journal = {submitted},
	Year = {2011}}
	
@misc{bhmm-simtk,
	note = {\url{https://simtk.org/home/bhmm}}}

@article{ncmc,
	Author = {Jerome P. Nilmeier and Gavin E. Crooks and David D. L. Minh and John D. Chodera},
	Title = {Nonequilibrium candidate {Monte Carlo}: A new tool for equilibrium simulation},
	Journal = {Proc. Natl. Acad. Sci. USA},
	Volume = {108},
	Pages = {E1009},
	Year = {2011}}

@article{ritort:j-phys:2006:single-molecule-review,
	Author = {F. Ritort},
	Title = {Single-molecule experiments in biological physics: methods and applications},
	Journal = {J. Phys.: Condens. Matter},
	Volume = {18},
	Pages = {R531--R583},
	Year = {2006}}

@article{block:rev-sci-instrum:2004:optical-trapping,
	Author = {Keir C. Neuman and Steven M. Block},
	Title = {Optical trapping},
	Journal = {Rev. Sci. Instrum.},
	Volume = {75},
	Pages = {2787},
	Year = {2004}}

@article{bustamante:annu-rev-biochem:2008:optical-tweezers,
	Author = {Jeffrey R. Moffitt and Yann R. Chemla and Steven B. Smith and Carlos Bustamante},
	Title = {Recent advances in optical tweezers},
	Journal = {Annu. Rev. Biochem.},
	Volume = {77},
	Pages = {205--228},
	Year = {2008}}
	
	@article{woodside:science:2006:dna-hairpin-optical-trap,
	Author = {Michael T. Woodside and Peter C. Anthony and William M. Behnke-Parks and Kevan Larizadeh and Daniel Herschlag and Steven M. Block},
	Date-Added = {2008-03-13 13:32:40 -0700},
	Date-Modified = {2008-03-13 15:00:53 -0700},
	Journal = {Science},
	Pages = {1001--1004},
	Title = {Direct measurement of the full, sequence-dependent folding landscape of a nucleic acid},
	Volume = {314},
	Year = {2006}}

@article{woodside:pnas:2006:dna-hairpin-equilibrium,
	Author = {Michael T. Woodside and William M. Behnke-Parks and Kevan Larizadeh and Kevin Travers and Daniel Herschlag and Steven M. Block},
	Date-Added = {2008-03-06 13:11:24 -0800},
	Date-Modified = {2008-03-06 13:13:31 -0800},
	Journal = {Proc. Nat. Acad. Sci. USA},
	Number = {16},
	Pages = {6190--6195},
	Title = {Nanomechanical measurements of the sequence-dependent folding landscapes of single nucleic acid hairpins},
	Volume = {103},
	Year = {2006}}

@article{woodside:prl:2005:optical-force-clamp,
	Author = {William J. Greenleaf and Michael T. Woodside and Elio A. Abbondanzieri and Steven M. Block},
	Date-Added = {2008-03-06 13:04:57 -0800},
	Date-Modified = {2008-03-06 13:10:03 -0800},
	Journal = {Phys. Rev. Lett.},
	Pages = {208102},
	Title = {Passive all-optical force clamp for high-resolution laser trapping},
	Volume = {95},
	Year = {2005}}

@article{eastman:jctc:2012:openmm,
	Author = {Peter Eastman and Mark Friedrichs and John D. Chodera and Randall Radmer and Christopher Bruns and Joy Ku and Kyle Beauchamp and Thomas J. Lane and Lee-Ping Wang and Diwakar Shukla and Tony Tye and Michael Houston and Timo Stitch and Christoph Klein},
	Title = {{OpenMM} 4: A reusable, extensible, hardware independent library for high performance molecular simulation},
	Journal = {J. Chem. Theor. Comput.},
	Volume = {9},
	Pages = {461},
	Year = {2012}}
	
@misc{pyopenmm,
	Author = {Christopher M. Bruns and Randy A. Radmer and John D. Chodera and Vijay S. Pande},
	Title = {{PyOpenMM}},
	note = {\url{http://simtk.org/home/pyopenmm}},
	Year = {2010}}

@misc{openmm-theory-guide,
	Author = {Kyle Beauchamp and Christopher Bruns and Peter Eastman and Mark Friedrichs and Joy P. Ku and Vijay Pande and Randy Radmer and Michael Sherman},
	Title = {{OpenMM} User Manual and Theory Guide, Release 2.0},
	note = {\url{http://simtk.org/home/openmm}},
	Year = {2010}}

@article{eastman:2010:comp-sci-eng:openmm,
	Author = {Peter Eastman and Vijay S. Pande},
	Title = {{OpenMM}: A hardware-independent framework for molecular simulations},
	Journal = {Computing in Science and Engineering},
	Volume = {12},
	Pages = {34--39},
	Year = {2010}}
	
@article{eastman:2010:j-comput-chem:openmm,
	Author = {Peter Eastman and Vijay S. Pande},
	Title = {Efficient nonbonded interactions for molecular dynamics of a graphics processing unit},
	Journal = {J. Comput. Chem.},
	Volume = {31},
	Pages = {1268},
	Year = {2010}}

@article{friedrichs:2009:j-comput-chem:openmm,
	Author = {Mark S. Friedrichs and Peter Eastman and Vishal Vaidyanathan and Mike Houston and Scott LeGrand and Adam L. Beberg and Daniel L. Ensign and Christopher M. Bruns and Vijay S. Pande},
	Title = {Accelerating molecular dynamic simulation on graphics processing units},
	Journal = {J. Comput. Chem.},
	Volume = {30},
	Pages = {864--872},
	Year = {2009}}

@article{crooks:2007:prl:thermodynamic-length,
author = {Gavin E. Crooks},
title = {Measuring Thermodynamic Length},
year = {2007},
journal = {Phys. Rev. Lett.},
volume = {99},
number = {10},
eid = {100602},
numpages = {4},
pages = {100602},
url = {http://link.aps.org/abstract/PRL/v99/e100602},
doi = {10.1103/PhysRevLett.99.100602}
}

@article{feng-crooks:2009:pre:thermodynamic-length,
author = {Edward H. Feng and Gavin E. Crooks},
title = {Far-from-equilibrium measurements of thermodynamic length},
year = {2009},
journal = {Phys. Rev. E},
volume = {79},
number = {1},
eid = {012104},
numpages = {4},
pages = {012104},
url = {http://link.aps.org/abstract/PRE/v79/e012104},
doi = {10.1103/PhysRevE.79.012104}
}

@article{shenfeld-xu-eastwood-dror-shaw:2009:pre:optimizing-thermodynamic-length,
author = {Daniel K. Shenfeld and Huafeng Xu and Michael P. Eastwood and Ron O. Dror and David E. Shaw},
title = {Minimizing thermodynamic length to select intermediate states for free-energy calculations and replica-exchange simulations},
year = {2009},
journal = {Phys. Rev. E},
volume = {80},
number = {4},
eid = {046705},
numpages = {4},
pages = {046705},
url = {http://link.aps.org/abstract/PRE/v80/e046705},
doi = {10.1103/PhysRevE.80.046705}
}

@article{minh-chodera:2011:jcp:mis-estimator,
     author = {David D. L. Minh and John D. Chodera},
     title = {Estimating equilibrium ensemble averages using multiple time slices from driven nonequilibrium processes: theory and application to free energies, moments, and thermodynamic length in single-molecule pulling experiments },
     journal = {J. Chem. Phys.},
     volume = {134},
     pages = {024111},
     year = {2011}}

@article{minh-chodera:2009:jcp:minh-chodera,
     author = {David D. L. Minh and John D. Chodera},
     title = {Optimal estimators and asymptotic variances for nonequilibrium path-ensemble averages},
     journal = {J. Chem. Phys.},
     volume = {131},
     number = {13},
     pages = {134110},
     year = {2009}}

@article{minh-adib:2008:prl:minh-adib,
     author = {David D. L. Minh and Artur B. Adib},
     title = {Optimized free energies from bidirectional single-molecule force spectroscopy},
     journal = {Phys. Rev. Lett.},
     volume = {100},
     pages = {180602},
     year = {2008}}

@article{roberts-rosenthal:1998:j-roy-stat-soc-b:metropolis-adjusted-langevin,
	Author = {G. O. Roberts and J. S. Rosenthal},
	Title = {Optimal scaling of discrete approximations to {Langevin} diffusions},
	Journal = {J. Roy. Stat. Soc. B},
	Volume = {60},
	Pages = {255-268},
	Year = {1998}}


@book{lelievre-stoltz-rousset:2010:free-energy-computations,
	Author = {Tony Lelievre and Gabriel Stoltz and Mathias Rousset},
	Title = {Free energy computations: A mathematical perspective},
	Edition = {1st ed.},
	Month = {June},
	Publisher = {Imperial College Press},
	Year = {2002}}
	
@article{wagoner-pande:2010:hybrid-solvent-model,
	Author = {Jason A. Wagoner and Vijay S. Pande},
	Title = {Hybrid solvent models: New methods for a dynamic simulation domain},
	Pages = {in preparation},
	Year = {2011}}

@article{ermak-yeh:cpl:1974:brownian-dynamics,
	Author = {Donald L. Ermak and Yin Yeh},
	Journal = {Chem. Phys. Lett.},
	Volume = {24},
	Number = {2},
	Pages = {243--248},
	Title = {Equilibrium electrostatic effects on the behavior of polyions in solution: {Polyion}-mobile ion interaction},
	Year = {1974}}

@article{ermak:jcp:1975:brownian-dynamics,
	Author = {Donald L. Ermak},
	Journal = {J. Chem. Phys.},
	Volume = {62},
	Number = {10},
	Pages = {4189--4196},
	Title = {A computer simulation of charged particles in solution. {I.} {Technique} and equilibrium properties},
	Year = {1975}}

@article{verlet:1967:phys-rev:verlet-integrator-1,
	Title = {Computer ``experiments'' on classical fluids. I. Thermodynamical properties of {Lennard-Jones} molecules},
	Journal = {Phys. Rev.},
          Volume = {159},
          Pages = {98--103},
	Author = {Loup Verlet},
	Year = {1967}}

@article{verlet:1967:phys-rev:verlet-integrator-2,
	Title = {Computer ``experiments'' on classical fluids. I. Equilibrium correlation functions},
	Journal = {Phys. Rev.},
          Volume = {165},
          Pages = {201--214},
	Author = {Loup Verlet},
	Year = {1968}}

@article{swope:jcp:1982:velocity-verlet,
	Author = {William C. Swope and Hans C. Andersen and Peter H. Berens and Kent R. Wilson},
	Journal = {J. Chem. Phys.},
	Title = {A computer simulation method for the calculation of equilibrium constants for the formation of physical clusters of molecules: Application to small water clusters},
	Volume = {76},
	Number = {1},
	Pages = {637--649},
	Year = {1982}}

@article{lechner:2006:jcp:fast-switching,
	Author = {Wolfgang Lechner and Harald Oberhofer and Christoph Dellago and Phillip L. Geissler},
	Journal = {J. Chem. Phys.},
	Volume = {124},
	Pages = {044113},
	Title = {Equilibrium free energies from fast-switching trajectories with large time steps},
	Year = {2006}}

@article{izaguirre:2010:psb:normal-mode-langevin,
	Author = {{Jes\'{u}s} A. Izaguirre and Chris R. Sweet and Vijay S. Pande},
	Journal = {Pac. Symp. Biocomp.},
	Pages = {240--251},
	Title = {Multiscale dynamics of macromolecules using normal mode {Langevin}},
	Volume = {15},
	Year = {2010}}

@article{berendsen:1977:j-comput-phys:SHAKE,
	Author = {J. Ryckaert and G. Ciccotti and H. J. C. Berendsen},
	Journal = {J. Comput. Phys.},
	Number = {3},
	Pages = {327--341},
	Title = {Numerical integration of the cartesian equations of motion of a system with constraints: {M}olecular dynamics of $n$-alkanes},
	Volume = {23},
	Year = {1977}}

@article{andersen:1983:j-comput-phys:RATTLE,
	Author = {Hans C. Andersen},
	Journal = {J. Comput. Phys.},
	Pages = {24--34},
	Title = {Rattle: A ``velocity'' version of the {Shake} algorithm for molecular dynamics calculations},
	Volume = {52},
	Year = {1983},}

@article{leimkuhler-skeel:1994:j-comput-phys:symplectic-integrators-in-constrained-systems,
	Author = {B. Leimkuhler and R. D. Skeel},
	Title = {Symplectic numerical integrators in constrained {Hamiltonian} systems},
	Journal = {J. Comput. Phys.},
	Volume = {112},
	Pages = {117--125},
	Year = {1994}}

@article{leimkuhler-reich:1994:math-comput:symplectic-integrators-in-constrained-systems,
	Author = {B. Leimkuhler and S. Reich},
	Title = {Symplectic integration of constrained {Hamiltonian} systems},
	Journal = {Math. Comput.},
	Volume = {63},
	Pages = {589--605},
	Year = {1994}}
@article{duane:1987:phys-lett-b:hybrid-monte-carlo,
	Author = {Simon Duane and A. D. Kennedy and Brian J. Pendleton and Duncan Roweth},
	Title = {{Hybrid Monte Carlo}},
	Journal = {Phys. Lett. B},
	Volume = {195},
	Number = {2},
	Pages = {216},
	Year = {1987}}

@techreport{neal:2004:tech-report:dragging-fast-variables,
        title = {Taking Bigger Metropolis Steps by Dragging Fast Variables},
        author = {Radford M. Neal},
        number = {0411},
        month = {October},
        institution = {Department of Statistics, University of Toronto},
        year = {2004},}

@article{neal:2005:arxiv:dragging-fast-variables,
        title = {Taking Bigger Metropolis Steps by Dragging Fast Variables},
        author = {Radford M. Neal},
        year = {2005},
        url = {http://arxiv.org/abs/math/0502099},
        institution = {arXiv [http://arXiv.org/oai2] (United States)}}

@article{jarzynski:pnas:2009:nonequilibrium-swaps,
	Author = {Andrew J. Ballard and Christopher Jarzynski},
	Title = {Replica exchange with nonequilibrium switches},
	Journal = {Proc. Natl. Acad. Sci. USA},
	Volume = {106},
	Pages = {12224--12229},
	Year = {2009}}
	
@article{stern:jcp:2007:constant-pH,
	Author = {Harry A. Stern},
	Title = {Molecular simulation with variable protonation states at constant {pH}},
	Journal = {J. Chem. Phys.},
	Volume = {126},
	Pages = {164112},
	Year = {2007}}
	
@article{wolff:prl:1989:cluster-moves,
	Author = {Ulli Wolff},
	Title = {Collective {Monte Carlo} updating for spin systems},
	Journal = {Phys. Rev. Lett.},
	Volume = {62},
	Pages = {361--364},
	Year = {1989}}
	
@article{swendsen-wang:prl:1987:swendsen-wang,
	Author = {Robert H. Swendsen and Jian-Sheng Wang},
	Title = {Nonuniversal critical dynamics in {Monte Carlo} simulations},
	Journal = {Phys. Rev. Lett.},
	Volume = {58},
	Pages = {86--88},
	Year = {1987}}

@article{stillinger-rahman:jcp:1974:water-molecular-dynamics,
	Author = {Frank H. Stillinger and Aneesur Rahman},
	Journal = {J. Chem. Phys.},
	Number = {4},
	Pages = {1545--1557},
	Title = {Improved simulation of liquid water by molecular dynamics},
	Volume = {60},
	Year = {1974}}

@article{rahman:phys-rev:1964:molecular-dynamics,
	Author = {A. Rahman},
	Journal = {Phys. Rev.},
	Number = {2A},
	Pages = {A405--A411},
	Title = {Correlations in the motion of atoms in liquid argon},
	Volume = {136},
	Year = {1964}}

@article{metropolis:jcp:1953:metropolis-monte-carlo,
	Author = {N. Metropolis and A. W. Rosenbluth and M. N. Rosenbluth and A. H. Teller and E. Teller},
	Journal = {J. Chem. Phys.},
	Number = {6},
	Pages = {1087--1092},
	Title = {Equation of state calculations by fast computing machines},
	Volume = {21},
	Year = {1953}}

@article{hastings:biometrika:1970:metropolis-hastings,
	Author = {W. K. Hastings},
	Journal = {Biometrika},
	Number = {1},
	Pages = {97--109},
	Title = {{Monte Carlo} sampling methods using {Markov chains} and their applications},
	Volume = {57},
	Year = {1970}}
	
@article{park:pre:2008:simulated-tempering,
	Author = {Sanghyun Park},
	Journal = {Phys. Rev. E},
	Pages = {016709},
	Title = {Comparison of the serial and parallel algorithms of generalized ensemble simulations: An analytical approach},
	Volume = {77},
	Year = {2008}}


@article{crooks:jsp:1998:neq,
   Author = {Crooks, G. E.},
   Title = {Nonequilibrium measurements of free energy differences for microscopically reversible Markovian systems},
   Journal = {J. Stat. Phys.},
   Volume = {90},
   Number = {5},
   Pages = {1481-1487},
      Year = {1998} }

@article{ballard:pnas:2009:ne-re,
   Author = {Ballard, Andrew J. and Jarzynski, Christopher},
   Title = {Replica exchange with nonequilibrium switches},
   Journal = {Proc. Natl. Acad. Sci. USA},
   Pages = {-},
   Abstract = {We introduce a replica exchange (parallel tempering) method in which attempted configuration swaps are generated using nonequilibrium work simulations. By effectively increasing phase space overlap, this approach mitigates the need for many replicas. We illustrate our method by using a model system and show that it is able to achieve the computational efficiency of ordinary replica exchange, using fewer replicas.},
      Year = {2009} }

@article{bennett:jcp:1976:fe-estimate,
   Author = {Bennett, C. H.},
   Title = {Efficient estimation of free energy differences from Monte Carlo data},
   Journal = {J. Comput. Phys.},
   Volume = {22},
   Number = {2},
   Pages = {245-268},
      Year = {1976} }

@article{brown-head-gordon:jcc:2003:cool-walk,
   Author = {Brown, S. and Head-Gordon, T.},
   Title = {Cool walking: A new Markov chain Monte Carlo sampling method},
   Journal = {J. Comput. Chem.},
   Volume = {24},
   Number = {1},
   Pages = {68-76},
      Year = {2003} }

@article{crooks:pre:1999:cft,
   Author = {Crooks, G. E.},
   Title = {Entropy production fluctuation theorem and the nonequilibrium work relation for free energy differences},
   Journal = {Phys. Rev. E},
   Volume = {60},
   Number = {3},
   Pages = {2721-2726},
      Year = {1999} }

@article{crooks:pre:2000:pathensemble,
   Author = {Crooks, G. E.},
   Title = {Path-ensemble averages in systems driven far from equilibrium},
   Journal = {Phys. Rev. E},
   Volume = {61},
   Number = {3},
   Pages = {2361-2366},
      Year = {2000} }

@article{crooks:2007:pre:hyperensembles,
   Author = {Crooks, G. E.},
   Title = {Beyond Boltzmann-Gibbs statistics: Maximum entropy hyperensembles out of equilibrium},
   Journal = {Phys. Rev. E},
   Volume = {75},
   Number = {4},
   Pages = {41119},
      Year = {2007} }

@book{frenkel-smit:text:2002:molsim,
   Author = {D Frenkel, B Smit},
   Title = {Understanding Molecular Simulation:  From Algorithms to Applications},
   Publisher = {Acadeemic Press},
   Address = {Boston},
      Year = {2002} }

@article{frenkel:2004:pnas:rejected-states,
   Author = {Frenkel, D.},
   Title = {Speed-up of Monte Carlo simulations by sampling of rejected states},
   Journal = {Proceedings of the National Academy of Sciences},
   Volume = {101},
   Number = {51},
   Pages = {17571-17575},
      Year = {2004} }

@article{jarzynski:prl:1997:neq-fe,
   Author = {Jarzynski, C.},
   Title = {Nonequilibrium equality for free energy differences},
   Journal = {Phys. Rev. Lett.},
   Volume = {78},
   Number = {14},
   Pages = {2690-2693},
      Year = {1997} }

@article{jarzynski:condmat:2006:rare-events,
   Author = {Jarzynski, C.},
   Title = {Rare events and the convergence of exponentially averaged work values},
   Journal = {Arxiv preprint cond-mat/0603185},
      Year = {2006} }

@article{knight:jcompchem:2009:lambda-dynamics,
author={Knight, J. L. and Brooks, C. L.},
title={Lambda-dynamics free energy simulation methods},
journal={J. Comput. Chem.},
year={2009},
volume={30},
number={11},
pages={1692-1700},
}

@article{nilmeier-jacobson:2009:jctc:posh,
   Author = {Nilmeier, J. and Jacobson, M. P.},
   Title = {Monte Carlo Sampling with Hierarchical Move Sets: {POSH Monte Carlo}},
   Journal = {J. Chem. Theor. Comput.},
   Pages = {1968--1984},
      Year = {2009} }

@article{neal:1998:annealed-importance,
   Author = {Neal, R. M.},
   Title = {Annealed importance sampling},
   Journal = {Stat. Comput.},
   Volume = {11},
   Number = {2},
   Pages = {125-139},
      Year = {2001} }

@article{opps-schofield:pre:2001:extended-state-space,
   Author = {Opps, S. B. and Schofield, J.},
   Title = {Extended state-space Monte Carlo methods},
   Journal = {Phys. Rev. E},
   Volume = {63},
   Number = {5},
   Pages = {56701},
      Year = {2001} }

@article{shirts-chodera:jcp:2008:mbar,
   Author = {Shirts, M. R. and Chodera, J. D.},
   Title = {Statistically optimal analysis of samples from multiple equilibrium states},
   Journal = {J. Chem. Phys.},
   Volume = {129},
   Pages = {124105},
      Year = {2008} }

@article{Roitberg-Simmerling:jpcb:2007:reservoir-exchange,
   Author = {Roitberg, A. E. and Okur, A. and Simmerling, C.},
   Title = {Coupling of replica exchange simulations to a non-Boltzmann structure reservoir},
   Journal = {J. Phys. Chem. B},
   Volume = {111},
   Number = {10},
   Pages = {2415-2418},
      Year = {2007} }


@article{Siepmann-Frenkel:molphys:1992:configurational-bias,
   Author = {Siepmann, J. I. and Frenkel, D.},
   Title = {Configurational bias Monte Carlo: a new sampling scheme for flexible chains},
   Journal = {Mol. Phys.},
   Volume = {75},
   Number = {1},
   Pages = {59-70},
      Year = {1992} }

@article{swendsen-wang:prl:1986:replica-mc,
   Author = {Swendsen, R. H. and Wang, J. S.},
   Title = {Replica Monte Carlo simulation of spin-glasses},
   Journal = {Phys. Rev. Lett.},
   Volume = {57},
   Number = {21},
   Pages = {2607-2609},
      Year = {1986} }

@Article{Chodera2016,
  author  = {Chodera, John D.},
  title   = {A Simple Method for Automated Equilibration Detection in Molecular Simulations},
  journal = {Journal of Chemical Theory and Computation},
  year    = {2016},
  volume  = {12},
  number  = {4},
  pages   = {1799-1805},
  note    = {PMID: 26771390},
  doi     = {10.1021/acs.jctc.5b00784},
  eprint  = {http://dx.doi.org/10.1021/acs.jctc.5b00784},
  url     = { 
        http://dx.doi.org/10.1021/acs.jctc.5b00784
    
},
}

@Article{chembl,
  author  = {Bento, A. Patrícia and Gaulton, Anna and Hersey, Anne and Bellis, Louisa J. and Chambers, Jon and Davies, Mark and Krüger, Felix A. and Light, Yvonne and Mak, Lora and McGlinchey, Shaun and Nowotka, Michal and Papadatos, George and Santos, Rita and Overington, John P.},
  title   = {The ChEMBL bioactivity database: an update},
  journal = {Nucleic Acids Research},
  year    = {2014},
  volume  = {42},
  number  = {D1},
  pages   = {D1083},
  doi     = {10.1093/nar/gkt1031},
  eprint  = {/oup/backfile/content_public/journal/nar/42/d1/10.1093_nar_gkt1031/3/gkt1031.pdf},
  url     = { + http://dx.doi.org/10.1093/nar/gkt1031},
}

@Article{gelman1992,
  author    = {Gelman, Andrew and Rubin, Donald B.},
  title     = {Inference from Iterative Simulation Using Multiple Sequences},
  journal   = {Statist. Sci.},
  year      = {1992},
  volume    = {7},
  number    = {4},
  pages     = {457--472},
  month     = {11},
  doi       = {10.1214/ss/1177011136},
  fjournal  = {Statistical Science},
  publisher = {The Institute of Mathematical Statistics},
  url       = {http://dx.doi.org/10.1214/ss/1177011136},
}

@Comment{jabref-meta: databaseType:bibtex;}
