% Encoding: UTF-8
% ----------------------------------------------------------------------------
% Article
% ----------------------------------------------------------------------------

@article{mark2016,
  title={Executing dynamic heterogeneous workloads on Blue Waters with 
  RADICAL-Pilot},
  author={Santcroos, Mark and Castain, Ralph and Merzky, Andre and Bethune, Iain and Jha, Shantenu},
  journal={Cray User Group},
  year={2016},
}


@article{wolski2003,
  title={Experiences with predicting resource performance on-line in computational grid settings},
  author={Wolski, Rich},
  journal={{ACM SIGMETRICS} Performance Evaluation Review},
  volume={30},
  number={4},
  pages={41--49},
  year={2003},
}


@article{merzky2018,
  title     = {Design and Performance Characterization of RADICAL-Pilot on Titan},
  author    = {Andre Merzky and Matteo Turilli and Manuel Maldonado and Shantenu Jha},
  journal   = {CoRR},
  volume    = {abs/1801.01843},
  year      = {2018},
  url       = {http://arxiv.org/abs/1801.01843},
}

@article{rp-jsspp18,
  author      = {Andre Merzky and Matteo Turilli and Manuel Maldonado and Mark Santcroos and Shantenu Jha},
  title       = {{Using Pilot Systems to Execute Many Task Workloads on Supercomputers}},
  OPTjournal     = {{JSSPP 2018 (in conjunction with IPDPS'18)}},
  note         = {\url{http://arxiv.org/abs/1512.08194}},
  year        = 2018,
}

@article{adaptivebiomolecular,
  author = {Vivek Balasubramanian and Travis Jensen and Matteo Turilli and Peter Kasson and
  Michael Shirts and Shantenu Jha},
  title = {Implementing Adaptive Ensemble Biomolecular Applications at Scale},
  note = {\url{https://arxiv.org/pdf/1804.04736.pdf}},
  year = 2018,
}

@article{turilli2017comprehensive,
  author = {Matteo Turilli and Mark Santcroos and Shantenu Jha},
  title = {A Comprehensive Perspective on Pilot-Jobs},
  journal = {{ACM} Computing Surveys},
  year = 2017,
}

@article{saga-x,
  author = {Andre Merzky and Ole Weidner and Shantenu Jha},
  title = {{SAGA}: A Standardized Access Layer to Heterogeneous Distributed Computing Infrastructure},
  journal = {Software-X},
  year = 2015,
}

@article{merzky2015radical,
  title={Radical-pilot: Scalable execution of heterogeneous and dynamic workloads on supercomputers},
  author={Merzky, Andre and Santcroos, Mark and Turilli, Matteo and Jha, Shantenu},
  journal={CoRR, abs/1512.08194},
  year={2015}

}

@article{dakka2017,
  title = {High-throughput Binding Affinity Calculations at Extreme Scales},
  author = {Jumana Dakka and et al},
  journal = {accepted Computational Approaches for Cancer Workshop, SC'17},
  year = {2017},
  note  = {\url{http://arxiv.org/abs/1712.09168}}, 
  OPTnote = {\newline\url{http://www.scworkshops.net/cancer2017/}}
}

@inproceedings{power-of-many17,
  author    = {Vivek Balasubramanian and
               Matteo Turilli and
               Weiming Hu and
               Matthieu Lefebvre and
               Wenjie Lei and
               Ryan T. Modrak and
               Guido Cervone and
               Jeroen Tromp and
               Shantenu Jha},
  title     = {Harnessing the Power of Many: Extensible Toolkit for Scalable Ensemble
               Applications},
  booktitle = {2018 {IEEE} International Parallel and Distributed Processing Symposium,
               {IPDPS} 2018, Vancouver, BC, Canada, May 21-25, 2018},
  pages     = {536--545},
  year      = {2018},
  crossref  = {DBLP:conf/ipps/2018},
  url       = {https://doi.org/10.1109/IPDPS.2018.00063},
  doi       = {10.1109/IPDPS.2018.00063},
  timestamp = {Wed, 08 Aug 2018 17:14:45 +0200},
  biburl    = {https://dblp.org/rec/bib/conf/ipps/Balasubramanian18},
  bibsource = {dblp computer science bibliography, https://dblp.org},
  OPTnote      = {\newline \url{https://arxiv.org/abs/1710.08491}}
}



% -----------------------------------------------------------------------------
% Books
% -----------------------------------------------------------------------------
@book{silberschatz1998operating,
  title={Operating system concepts},
  author={Silberschatz, Abraham and Galvin, Peter B. and Gagne, Greg},
  year={2012},
  publisher={Wiley, $9^{th}$ Edition}
}

% -----------------------------------------------------------------------------
% Collections
% -----------------------------------------------------------------------------
@incollection{couvares2007workflow,
  title={Workflow management in {Condor}},
  author={Couvares, Peter and Kosar, Tevfik and Roy, Alain and Weber, Jeff and Wenger, Kent},
  booktitle={Workflows for {e-Science}},
  pages={357--375},
  year={2007},
  publisher={Springer}
}

% -----------------------------------------------------------------------------
% Preprints
% -----------------------------------------------------------------------------
@article{saiz2003alienpr,
  title={Alien resource brokers},
  author={Saiz, Pablo and Buncic, Predrag and Peters, Andreas J.},
  journal={arXiv preprint cs/0306068},
  year={2003}
}


% -----------------------------------------------------------------------------
% Proceedings
% -----------------------------------------------------------------------------
@inproceedings{Mao2012,
  title = {A Performance Study on the {VM} Startup Time in the Cloud},
  author = {Mao, Ming and Humphrey, Marty},
  booktitle = {Proceedings of the {IEEE} 5th International Conference on Cloud Computing},
  series = {{CLOUD} '12},
  year = {2012},
  pages = {423--430},
  publisher = {{IEEE} Computer Society},
}

@inproceedings{balasubramanian2016extasy,
  title={Extasy: Scalable and flexible coupling of md simulations and advanced sampling techniques},
  author={Balasubramanian, Vivekanandan and Bethune, Iain and Shkurti, Ardita and Breitmoser, Elena and Hruska, Eugen and Clementi, Cecilia and Laughton, Charles and Jha, Shantenu},
  booktitle={Proceedings of the 2016 {IEEE} 12th International Conference on e-Science},
  pages={361--370},
  year={2016},
  organization={IEEE}
}

@inproceedings{balasubramanian2016ensemble,
  title={Ensemble toolkit: Scalable and flexible execution of ensembles of tasks},
  author={Balasubramanian, Vivekanandan and Treikalis, Antons and Weidner, Ole and Jha, Shantenu},
  booktitle={Parallel Processing (ICPP), 2016 45th International Conference on},
  pages={458--463},
  year={2016},
  organization={IEEE}

}


% -----------------------------------------------------------------------------
% Technical Reports
% -----------------------------------------------------------------------------
@techreport{felter2014,
  title={An updated performance comparison of virtual machines and {Linux} containers},
  author={Felter, Wes and Ferreira, Alexandre and Rajamony, Ram and Rubio, Juan},
  institution={IBM Research Division},
  number={RC25482 (AUS1407-001)},
  year={2014}
}


% -----------------------------------------------------------------------------
% Thesis
% -----------------------------------------------------------------------------
@phdthesis{moscicki2011understanding,
  title={Understanding and mastering dynamics in computing grids: processing moldable tasks with user-level overlay},
  author={Mo{\'s}cicki, Jakub T.},
  school={University of Amsterdam},
  year={2011}
}


% -----------------------------------------------------------------------------
% URL
% -----------------------------------------------------------------------------


% -----------------------------------------------------------------------------
% Presentations
% -----------------------------------------------------------------------------
@misc{glidein-presentation-url,
  title={The {Glidein} Service},
  author={Gideon Juve},
  url={http://www.slideserve.com/embed/5100433},
  note={Accessed: 2015-11-5},
  year=2015
}

@inproceedings{bb_ccgrid18, 
  author    = {Matteo Turilli and
               Andr{\'{e}} Merzky and
               Vivek Balasubramanian and
               Shantenu Jha},
  title     = {Building Blocks for Workflow System Middleware},
  booktitle = {18th {IEEE/ACM} International Symposium on Cluster, Cloud and Grid
               Computing, {CCGRID} 2018, Washington, DC, USA, May 1-4, 2018},
  pages     = {348--349},
  year      = {2018},
  crossref  = {DBLP:conf/ccgrid/2018},
  url       = {https://doi.org/10.1109/CCGRID.2018.00051},
  doi       = {10.1109/CCGRID.2018.00051},
  timestamp = {Mon, 06 Aug 2018 15:48:22 +0200},
  biburl    = {https://dblp.org/rec/bib/conf/ccgrid/TurilliMBJ18},
  bibsource = {dblp computer science bibliography, https://dblp.org},
  OPTnote        = {\newline \url{http://arxiv.org/abs/1609.03484}},
}




@Comment{jabref-meta: databaseType:bibtex;}

@article{cosb18, 
  author      = {Peter Kasson and Shantenu Jha},
  title       = {Adaptive ensemble simulations of biomolecules}, 
  journal = {Current Opinions in Structural Biology},
  note        = {\url{https://arxiv.org/pdf/1809.04804.pdf}},
  year        = 2018,
}


